id,bid_amount,bid_amount_btc,bid_price,ask_amount,ask_amount_btc,ask_price,coin,exchange,timestamp
1,6759.64641547,0.0065568570230059,9.7e-07,587.06117177,0.0006340260655116,1.08e-06,PXI,Cryptopia,1527917387511
2,27.51525662,2.58643412228e-05,9.4e-07,600.0,0.000654,1.09e-06,PXI,Cryptopia,1527917387511
3,850.0,0.0007905,9.3e-07,674.44702432,0.0007486361969951999,1.11e-06,PXI,Cryptopia,1527917387511
4,1936.95652174,0.0017820000000007999,9.2e-07,692.99664583,0.0007900161762462001,1.14e-06,PXI,Cryptopia,1527917387511
5,1740.0,0.0015834,9.1e-07,2985.0,0.00343275,1.15e-06,PXI,Cryptopia,1527917387511
6,870.0,0.000783,9e-07,52121.72887101,0.06046120549037159,1.16e-06,PXI,Cryptopia,1527917387511
7,2721.14010408,0.0024218146926312,8.9e-07,1033.69687404,0.0012507732175884002,1.21e-06,PXI,Cryptopia,1527917387511
8,5000.0,0.0044,8.8e-07,1075.2688172,0.001311827956984,1.22e-06,PXI,Cryptopia,1527917387511
9,7623.15346052,0.006555911976047201,8.6e-07,4050.0,0.0050219999999999996,1.24e-06,PXI,Cryptopia,1527917387511
10,598.80239521,0.0005089820359285,8.5e-07,433.61275907,0.0005463520764282,1.26e-06,PXI,Cryptopia,1527917387511
11,603.0,0.00050049,8.3e-07,3443.01851488,0.0043726335138976,1.27e-06,PXI,Cryptopia,1527917387511
12,1219.51219512,0.0009999999999984,8.2e-07,7415.47420623,0.0094918069839744,1.28e-06,PXI,Cryptopia,1527917387511
13,1236.0,0.00100116,8.1e-07,1207.93794936,0.0015582399546743998,1.29e-06,PXI,Cryptopia,1527917387511
14,728.34016598,0.0005681053294644,7.8e-07,7516.0,0.00992112,1.32e-06,PXI,Cryptopia,1527917387511
15,10000.0,0.0077,7.7e-07,30000.0,0.0399,1.33e-06,PXI,Cryptopia,1527917387511
16,4350.0,0.0032625,7.5e-07,464.26526791,0.0006360434170367,1.37e-06,PXI,Cryptopia,1527917387511
17,12000.0,0.00876,7.3e-07,1000.0,0.00138,1.38e-06,PXI,Cryptopia,1527917387511
18,20000.0,0.0144,7.2e-07,530.92783505,0.0007379896907195,1.39e-06,PXI,Cryptopia,1527917387511
19,417.33516242,0.00027126785557300004,6.5e-07,2000.0,0.0028,1.4e-06,PXI,Cryptopia,1527917387511
20,9240.74074074,0.004989999999999601,5.4e-07,572.45122867,0.0008071562324247,1.41e-06,PXI,Cryptopia,1527917387511
21,11707.35452172,0.0060878243512944,5.2e-07,1074.5746602,0.001536641764086,1.43e-06,PXI,Cryptopia,1527917387511
22,14403.47305389,0.0073457712574839,5.1e-07,3905.45122867,0.0056238497692848,1.44e-06,PXI,Cryptopia,1527917387511
23,1197.60479042,0.00059880239521,5e-07,2268.19089095,0.0032888767918775,1.45e-06,PXI,Cryptopia,1527917387511
24,17240.41712493,0.0084478043912157,4.9e-07,523.47731721,0.0007642768831266,1.46e-06,PXI,Cryptopia,1527917387511
25,16633.39986693,0.0079840319361264,4.8e-07,2053.024,0.0030179452799999995,1.47e-06,PXI,Cryptopia,1527917387511
26,2814.8830544,0.001097804391216,3.9e-07,1000.0,0.00148,1.48e-06,PXI,Cryptopia,1527917387511
27,20318.84975153,0.007721162905581401,3.8e-07,628.89427756,0.0009370524735643999,1.49e-06,PXI,Cryptopia,1527917387511
28,16500.0,0.005775,3.5e-07,633.0,0.00096849,1.53e-06,PXI,Cryptopia,1527917387511
29,64576.72889515,0.021956087824351,3.4e-07,1245.01802846,0.0019546783046822,1.57e-06,PXI,Cryptopia,1527917387511
30,9000.0,0.00297,3.3e-07,6587.15457112,0.0104735757680808,1.59e-06,PXI,Cryptopia,1527917387511
31,3541.3044878,0.001097804391218,3.1e-07,4787.832668,0.0076605322688,1.6e-06,PXI,Cryptopia,1527917387511
32,15000.0,0.0045,3e-07,3180.63746987,0.0052162454505868,1.64e-06,PXI,Cryptopia,1527917387511
33,38384.76892369,0.0049900199600797,1.3e-07,1300.0,0.002184,1.68e-06,PXI,Cryptopia,1527917387511
34,9980.03992016,0.0010978043912176,1.1e-07,2000.0,0.0033799999999999998,1.69e-06,PXI,Cryptopia,1527917387511
35,100000.0,0.01,1e-07,7738.48493489,0.013155424389313,1.7e-06,PXI,Cryptopia,1527917387511
36,22177.86648924,0.0019960079840316,9e-08,2881.26431908,0.0050133999151992,1.74e-06,PXI,Cryptopia,1527917387511
37,14257.19988594,0.0009980039920158,7e-08,2616.89419483,0.0045795648409525,1.75e-06,PXI,Cryptopia,1527917387511
38,267797.73785762,0.016067864271457198,6e-08,1000.0,0.00177,1.77e-06,PXI,Cryptopia,1527917387511
39,100000.0,0.005,5e-08,1535.0877193,0.0027938596491259996,1.82e-06,PXI,Cryptopia,1527917387511
40,750000.0,0.030000000000000002,4e-08,289.56656853,0.0005299068204099,1.83e-06,PXI,Cryptopia,1527917387511
41,36593.47970725,0.0010978043912175,3e-08,5361.91915427,0.009865931243856799,1.84e-06,PXI,Cryptopia,1527917387511
42,144890.21956088,0.0028978043912176003,2e-08,10196.78951267,0.0188640605984395,1.85e-06,PXI,Cryptopia,1527917387511
43,509780.43912176,0.0050978043912176,1e-08,9000.0,0.01683,1.87e-06,PXI,Cryptopia,1527917387511
44,,,,7119.0,0.01338372,1.88e-06,PXI,Cryptopia,1527917387511
45,,,,3772.44140012,0.0071299142462268,1.89e-06,PXI,Cryptopia,1527917387511
46,,,,15599.12997483,0.029638346952177003,1.9e-06,PXI,Cryptopia,1527917387511
47,,,,2268.19089095,0.004354926510623999,1.92e-06,PXI,Cryptopia,1527917387511
48,,,,1943.96604604,0.003790733789778,1.95e-06,PXI,Cryptopia,1527917387511
49,,,,6000.0,0.01176,1.96e-06,PXI,Cryptopia,1527917387511
50,,,,2192.00544285,0.004340170776843,1.98e-06,PXI,Cryptopia,1527917387511
51,,,,4736.46214666,0.009472924293319999,2e-06,PXI,Cryptopia,1527917387511
52,,,,57.02408035,0.0001157588831105,2.03e-06,PXI,Cryptopia,1527917387511
53,,,,785.09987022,0.0016251567313554,2.07e-06,PXI,Cryptopia,1527917387511
54,,,,1000.0,0.00208,2.08e-06,PXI,Cryptopia,1527917387511
55,,,,239.59477272,0.000503149022712,2.1e-06,PXI,Cryptopia,1527917387511
56,,,,7000.0,0.015050000000000001,2.15e-06,PXI,Cryptopia,1527917387511
57,,,,2310.0,0.0050127,2.17e-06,PXI,Cryptopia,1527917387511
58,,,,4620.0,0.0100716,2.18e-06,PXI,Cryptopia,1527917387511
59,,,,18993.3371247,0.042165208416834,2.22e-06,PXI,Cryptopia,1527917387511
60,,,,2047.98745473,0.0045670120240479,2.23e-06,PXI,Cryptopia,1527917387511
61,,,,7000.0,0.01568,2.24e-06,PXI,Cryptopia,1527917387511
62,,,,4887.09187111,0.010995956709997501,2.25e-06,PXI,Cryptopia,1527917387511
63,,,,1018.253,0.00233179937,2.29e-06,PXI,Cryptopia,1527917387511
64,,,,992.21152044,0.0022820864970119997,2.3e-06,PXI,Cryptopia,1527917387511
65,,,,213.00987768,0.0005027033113248,2.36e-06,PXI,Cryptopia,1527917387511
66,,,,1956.87057258,0.0046377832570146,2.37e-06,PXI,Cryptopia,1527917387511
67,,,,5000.0,0.01195,2.39e-06,PXI,Cryptopia,1527917387511
68,,,,1000.0,0.00245,2.45e-06,PXI,Cryptopia,1527917387511
69,,,,2065.43516059,0.005080970495051401,2.46e-06,PXI,Cryptopia,1527917387511
70,,,,210.91315522,0.0005251737564977999,2.49e-06,PXI,Cryptopia,1527917387511
71,,,,16875.26972583,0.042188174314575,2.5e-06,PXI,Cryptopia,1527917387511
72,,,,2207.70580052,0.005629649791326001,2.55e-06,PXI,Cryptopia,1527917387511
73,,,,5500.0,0.01408,2.56e-06,PXI,Cryptopia,1527917387511
74,,,,4600.0,0.011822,2.57e-06,PXI,Cryptopia,1527917387511
75,,,,4380.0,0.011388,2.6e-06,PXI,Cryptopia,1527917387511
76,,,,750.0,0.0019575,2.61e-06,PXI,Cryptopia,1527917387511
77,,,,7976.33663755,0.020977765356756498,2.63e-06,PXI,Cryptopia,1527917387511
78,,,,2134.88926443,0.0056574565507395,2.65e-06,PXI,Cryptopia,1527917387511
79,,,,199.31893221,0.0005341747383228,2.68e-06,PXI,Cryptopia,1527917387511
80,,,,263.15789474,0.0007157894736928,2.72e-06,PXI,Cryptopia,1527917387511
81,,,,1795.70610756,0.0050100200400923995,2.79e-06,PXI,Cryptopia,1527917387511
82,,,,2083.79395924,0.005834623085871999,2.8e-06,PXI,Cryptopia,1527917387511
83,,,,3802.28136882,0.0106844106463842,2.81e-06,PXI,Cryptopia,1527917387511
84,,,,2723.464724,0.00770740516892,2.83e-06,PXI,Cryptopia,1527917387511
85,,,,1111.0,0.00319968,2.88e-06,PXI,Cryptopia,1527917387511
86,,,,4179.31827303,0.012120022991787,2.9e-06,PXI,Cryptopia,1527917387511
87,,,,13172.86412289,0.0393868637274411,2.99e-06,PXI,Cryptopia,1527917387511
88,,,,4364.61301709,0.01309383905127,3e-06,PXI,Cryptopia,1527917387511
89,,,,1500.0,0.00456,3.04e-06,PXI,Cryptopia,1527917387511
90,,,,2200.92165944,0.0068008479276696005,3.09e-06,PXI,Cryptopia,1527917387511
91,,,,162.23815598,0.0005029382835379999,3.1e-06,PXI,Cryptopia,1527917387511
92,,,,2083.79395924,0.0066681406695679995,3.2e-06,PXI,Cryptopia,1527917387511
93,,,,453.79680655,0.0014566877490255,3.21e-06,PXI,Cryptopia,1527917387511
94,,,,174.11717356,0.0005711043292768,3.28e-06,PXI,Cryptopia,1527917387511
95,,,,4842.29331609,0.0159311450099361,3.29e-06,PXI,Cryptopia,1527917387511
96,,,,4000.0,0.01324,3.31e-06,PXI,Cryptopia,1527917387511
97,,,,7431.34420814,0.0251922568655946,3.39e-06,PXI,Cryptopia,1527917387511
98,,,,1785.03162022,0.006247610670769999,3.5e-06,PXI,Cryptopia,1527917387511
99,,,,5962.74957159,0.021048505987712702,3.53e-06,PXI,Cryptopia,1527917387511
100,,,,18035.41207414,0.0638453587424556,3.54e-06,PXI,Cryptopia,1527917387511
101,1811.20840299,0.0007788196132857,4.3e-07,5003.05793797,0.0022513760720865,4.5e-07,BENJI,Cryptopia,1527917389003
102,10071.96749956,0.0042302263498152,4.2e-07,3100.0,0.001426,4.6e-07,BENJI,Cryptopia,1527917389003
103,3827.28734928,0.0015691878132048,4.1e-07,1782.14998574,0.0008376104932978,4.7e-07,BENJI,Cryptopia,1527917389003
104,10143.23478237,0.004057293912948,4e-07,5179.16666666,0.0024859999999968,4.8e-07,BENJI,Cryptopia,1527917389003
105,7627.84720399,0.0028985819375162,3.8e-07,63988.61005262,0.0313544189257838,4.9e-07,BENJI,Cryptopia,1527917389003
106,29109.26033202,0.0107704263228474,3.7e-07,7981.38484444,0.00399069242222,5e-07,BENJI,Cryptopia,1527917389003
107,39874.37821806,0.0143547761585016,3.6e-07,6000.0,0.00312,5.2e-07,BENJI,Cryptopia,1527917389003
108,101682.00642088,0.035588702247308,3.5e-07,1219.53653668,0.0006463543644404,5.3e-07,BENJI,Cryptopia,1527917389003
109,3500.0,0.0011899999999999999,3.4e-07,6000.0,0.0032400000000000003,5.4e-07,BENJI,Cryptopia,1527917389003
110,6603.67144499,0.0021792115768467,3.3e-07,56154.7640736,0.030885120240480003,5.5e-07,BENJI,Cryptopia,1527917389003
111,32000.0,0.01024,3.2e-07,6000.0,0.00336,5.6e-07,BENJI,Cryptopia,1527917389003
112,30719.36771618,0.0095230039920158,3.1e-07,6237.5249501,0.003555389221557,5.7e-07,BENJI,Cryptopia,1527917389003
113,138826.80060986,0.04164804018295799,3e-07,6000.0,0.0034799999999999996,5.8e-07,BENJI,Cryptopia,1527917389003
114,16856.21393573,0.0045511777626471,2.7e-07,6000.0,0.0036,6e-07,BENJI,Cryptopia,1527917389003
115,88728.31936128,0.022182079840319998,2.5e-07,4019.27478377,0.0024919503659374,6.2e-07,BENJI,Cryptopia,1527917389003
116,124750.4574185,0.029940109780439997,2.4e-07,8107.78436932,0.0051889819963648,6.4e-07,BENJI,Cryptopia,1527917389003
117,26351.67531792,0.006060885323121599,2.3e-07,16220.72404786,0.010543470631109,6.5e-07,BENJI,Cryptopia,1527917389003
118,137418.06655466,0.030231974642025202,2.2e-07,2212.55333134,0.0014602851986844,6.6e-07,BENJI,Cryptopia,1527917389003
119,71285.71428571,0.014969999999999099,2.1e-07,1495.52837017,0.0010020040080139,6.7e-07,BENJI,Cryptopia,1527917389003
120,68000.0,0.0136,2e-07,9330.52709679,0.006344758425817199,6.8e-07,BENJI,Cryptopia,1527917389003
121,33738.19163293,0.0060728744939274,1.8e-07,8323.88177386,0.005743478423963399,6.9e-07,BENJI,Cryptopia,1527917389003
122,20000.0,0.0032,1.6e-07,19885.61322487,0.013919929257409,7e-07,BENJI,Cryptopia,1527917389003
123,3393.21357285,0.0005089820359275,1.5e-07,10881.5419179,0.007725894761709,7.1e-07,BENJI,Cryptopia,1527917389003
124,3578.55717137,0.0005009980039918001,1.4e-07,1380.50415572,0.0009939629921184,7.2e-07,BENJI,Cryptopia,1527917389003
125,57836.89994216,0.0075187969924808,1.3e-07,2200.0,0.001606,7.3e-07,BENJI,Cryptopia,1527917389003
126,25762.12697963,0.0030914552375555997,1.2e-07,26067.70063457,0.0192900984695818,7.4e-07,BENJI,Cryptopia,1527917389003
127,105272.63654509,0.011579990019959902,1.1e-07,4917.01068804,0.00368775801603,7.5e-07,BENJI,Cryptopia,1527917389003
128,242500.0,0.024249999999999997,1e-07,6600.0,0.0050160000000000005,7.6e-07,BENJI,Cryptopia,1527917389003
129,90000.0,0.0081,9e-08,3447.0,0.0026541900000000003,7.7e-07,BENJI,Cryptopia,1527917389003
130,185021.24990799,0.0148016999926392,8e-08,19880.78914634,0.015507015534145201,7.8e-07,BENJI,Cryptopia,1527917389003
131,116065.52510877,0.0081245867576139,7e-08,15807.73587359,0.0124881113401361,7.9e-07,BENJI,Cryptopia,1527917389003
132,253951.10512431,0.015237066307458599,6e-08,12955.08161127,0.010364065289015999,8e-07,BENJI,Cryptopia,1527917389003
133,212765.87984032,0.010638293992016,5e-08,1518.67158307,0.0012301239822867,8.1e-07,BENJI,Cryptopia,1527917389003
134,286754.0998004,0.011470163992016,4e-08,58412.15291867,0.0478979653933094,8.2e-07,BENJI,Cryptopia,1527917389003
135,327769.79973387,0.0098330939920161,3e-08,6008.16284225,0.0049867751590675,8.3e-07,BENJI,Cryptopia,1527917389003
136,780550.41708237,0.0156110083416474,2e-08,4610.52314526,0.0038728394420184,8.4e-07,BENJI,Cryptopia,1527917389003
137,3024239.55949652,0.0302423955949652,1e-08,3095.18914843,0.0026309107761655,8.5e-07,BENJI,Cryptopia,1527917389003
138,,,,2221.80267415,0.001910750299769,8.6e-07,BENJI,Cryptopia,1527917389003
139,,,,5850.02,0.005089517400000001,8.7e-07,BENJI,Cryptopia,1527917389003
140,,,,12752.15934173,0.0112219002207224,8.8e-07,BENJI,Cryptopia,1527917389003
141,,,,3223.85236548,0.0028692286052772,8.9e-07,BENJI,Cryptopia,1527917389003
142,,,,82683.84886042,0.074415463974378,9e-07,BENJI,Cryptopia,1527917389003
143,,,,1652.08413161,0.0015033965597650999,9.1e-07,BENJI,Cryptopia,1527917389003
144,,,,62457.00295013,0.0574604427141196,9.2e-07,BENJI,Cryptopia,1527917389003
145,,,,8313.58919554,0.0077316379518522,9.3e-07,BENJI,Cryptopia,1527917389003
146,,,,8365.453,0.00786352582,9.4e-07,BENJI,Cryptopia,1527917389003
147,,,,7214.41750089,0.0068536966258455,9.5e-07,BENJI,Cryptopia,1527917389003
148,,,,33879.20841684,0.0325240400801664,9.6e-07,BENJI,Cryptopia,1527917389003
149,,,,3049.271285,0.0029882858592999995,9.8e-07,BENJI,Cryptopia,1527917389003
150,,,,2367.48290021,0.0023438080712079,9.9e-07,BENJI,Cryptopia,1527917389003
151,,,,5406.01202405,0.00540601202405,1e-06,BENJI,Cryptopia,1527917389003
152,,,,503.87740648,0.0005089161805448,1.01e-06,BENJI,Cryptopia,1527917389003
153,,,,2862.86859433,0.0030060120240464998,1.05e-06,BENJI,Cryptopia,1527917389003
154,,,,479.52953618,0.0005083013083508,1.06e-06,BENJI,Cryptopia,1527917389003
155,,,,4700.0,0.005029,1.07e-06,BENJI,Cryptopia,1527917389003
156,,,,500.0,0.00054,1.08e-06,BENJI,Cryptopia,1527917389003
157,,,,19678.44079818,0.0214495004700162,1.09e-06,BENJI,Cryptopia,1527917389003
158,,,,2732.73820368,0.0030060120240480003,1.1e-06,BENJI,Cryptopia,1527917389003
159,,,,455.35714285,0.0005145535714205,1.13e-06,BENJI,Cryptopia,1527917389003
160,,,,2613.92349917,0.0030060120240455,1.15e-06,BENJI,Cryptopia,1527917389003
161,,,,4250.0,0.0050149999999999995,1.18e-06,BENJI,Cryptopia,1527917389003
162,,,,7980.25487487,0.0094965033010953,1.19e-06,BENJI,Cryptopia,1527917389003
163,,,,10690.88332294,0.012829059987528,1.2e-06,BENJI,Cryptopia,1527917389003
164,,,,76538.65201927,0.0926117689433167,1.21e-06,BENJI,Cryptopia,1527917389003
165,,,,35937.35323458,0.0438435709461876,1.22e-06,BENJI,Cryptopia,1527917389003
166,,,,2404.80961924,0.00300601202405,1.25e-06,BENJI,Cryptopia,1527917389003
167,,,,1271.50938041,0.0016021018193166,1.26e-06,BENJI,Cryptopia,1527917389003
168,,,,499.98,0.0006449741999999999,1.29e-06,BENJI,Cryptopia,1527917389003
169,,,,17989.64633053,0.023386540229688998,1.3e-06,BENJI,Cryptopia,1527917389003
170,,,,6197.6716086,0.008180926523352,1.32e-06,BENJI,Cryptopia,1527917389003
171,,,,1802.68235903,0.0024336211846905,1.35e-06,BENJI,Cryptopia,1527917389003
172,,,,704.55982914,0.0010075205556702002,1.43e-06,BENJI,Cryptopia,1527917389003
173,,,,556.8294206,0.000801834365664,1.44e-06,BENJI,Cryptopia,1527917389003
174,,,,500.0,0.00074,1.48e-06,BENJI,Cryptopia,1527917389003
175,,,,67893.78421459,0.10184067632188501,1.5e-06,BENJI,Cryptopia,1527917389003
176,,,,455.0,0.0006870499999999999,1.51e-06,BENJI,Cryptopia,1527917389003
177,,,,3000.0,0.00465,1.55e-06,BENJI,Cryptopia,1527917389003
178,,,,1000.0,0.0015600000000000002,1.56e-06,BENJI,Cryptopia,1527917389003
179,,,,4190.04972511,0.0066621790629248995,1.59e-06,BENJI,Cryptopia,1527917389003
180,,,,30197.91378758,0.048316662060127996,1.6e-06,BENJI,Cryptopia,1527917389003
181,,,,28838.16413314,0.0472945891783496,1.64e-06,BENJI,Cryptopia,1527917389003
182,,,,4696.89378758,0.007749874749507001,1.65e-06,BENJI,Cryptopia,1527917389003
183,,,,3317.91142225,0.0055409120751575,1.67e-06,BENJI,Cryptopia,1527917389003
184,,,,45729.73201618,0.077740544427506,1.7e-06,BENJI,Cryptopia,1527917389003
185,,,,14105.20640319,0.024825163269614405,1.76e-06,BENJI,Cryptopia,1527917389003
186,,,,4880.49449117,0.0086384752493709,1.77e-06,BENJI,Cryptopia,1527917389003
187,,,,31163.75055758,0.05547147599249239,1.78e-06,BENJI,Cryptopia,1527917389003
188,,,,16418.98149506,0.029389976876157402,1.79e-06,BENJI,Cryptopia,1527917389003
189,,,,39283.34446671,0.070710020040078,1.8e-06,BENJI,Cryptopia,1527917389003
190,,,,2552.43382758,0.004722002581023,1.85e-06,BENJI,Cryptopia,1527917389003
191,,,,313.45229817,0.0005924248435413,1.89e-06,BENJI,Cryptopia,1527917389003
192,,,,6112.57264126,0.011613888018394,1.9e-06,BENJI,Cryptopia,1527917389003
193,,,,10395.83333333,0.019959999999993597,1.92e-06,BENJI,Cryptopia,1527917389003
194,,,,1000.0,0.00195,1.95e-06,BENJI,Cryptopia,1527917389003
195,,,,1163.34341626,0.0022801530958695996,1.96e-06,BENJI,Cryptopia,1527917389003
196,,,,15000.0,0.02985,1.99e-06,BENJI,Cryptopia,1527917389003
197,,,,7999.98941757,0.01599997883514,2e-06,BENJI,Cryptopia,1527917389003
198,,,,5305.01002004,0.011140521042084,2.1e-06,BENJI,Cryptopia,1527917389003
199,,,,107294.56580986,0.22639153385880462,2.11e-06,BENJI,Cryptopia,1527917389003
200,,,,2840.88751499,0.0060510904069287,2.13e-06,BENJI,Cryptopia,1527917389003
201,3051.43884556,0.0038142985569500003,1.25e-06,9609.08008748,0.012876167317223202,1.34e-06,EMD,Cryptopia,1527917389540
202,1609.67741935,0.001995999999994,1.24e-06,12114.22613488,0.016354205282088,1.35e-06,EMD,Cryptopia,1527917389540
203,409.84424593,0.0005000099800346,1.22e-06,3621.44354138,0.0049251632162768,1.36e-06,EMD,Cryptopia,1527917389540
204,1200.0,0.0014520000000000002,1.21e-06,1891.62025027,0.0025915197428699,1.37e-06,EMD,Cryptopia,1527917389540
205,1200.0,0.0014399999999999999,1.2e-06,2506.69940742,0.0034592451822396,1.38e-06,EMD,Cryptopia,1527917389540
206,1241.25749322,0.0014770964169318,1.19e-06,780.0,0.0010842,1.39e-06,EMD,Cryptopia,1527917389540
207,4347.82608696,0.005043478260873599,1.16e-06,717.71705359,0.0010048038750259999,1.4e-06,EMD,Cryptopia,1527917389540
208,3234.54545454,0.003557999999994,1.1e-06,34.49303905,4.86351850605e-05,1.41e-06,EMD,Cryptopia,1527917389540
209,10000.0,0.0108,1.08e-06,585.36987046,0.0008429326134624,1.44e-06,EMD,Cryptopia,1527917389540
210,5812.31325113,0.0061610520461978,1.06e-06,573.5013762,0.00083157699549,1.45e-06,EMD,Cryptopia,1527917389540
211,2700.0,0.002835,1.05e-06,380.0,0.0005548,1.46e-06,EMD,Cryptopia,1527917389540
212,1938.84990253,0.0020164038986312,1.04e-06,12441.66184718,0.0185380761522982,1.49e-06,EMD,Cryptopia,1527917389540
213,35213.22719046,0.036269624006173805,1.03e-06,862.646,0.0013025954599999998,1.51e-06,EMD,Cryptopia,1527917389540
214,5478.42550193,0.0055879940119685995,1.02e-06,350.4564,0.0005361982919999999,1.53e-06,EMD,Cryptopia,1527917389540
215,1977.24353274,0.0019970159680674,1.01e-06,767.69230769,0.0011899230769195,1.55e-06,EMD,Cryptopia,1527917389540
216,92624.49722697,0.09262449722696998,1e-06,1086.8081373,0.001695420694188,1.56e-06,EMD,Cryptopia,1527917389540
217,505.0605859,0.000500009980041,9.9e-07,500.0,0.000785,1.57e-06,EMD,Cryptopia,1527917389540
218,2057.11026926,0.0020159680638748,9.8e-07,1350.51769344,0.0021473231325696,1.59e-06,EMD,Cryptopia,1527917389540
219,1039.15879581,0.0010079840319357,9.7e-07,733.82352941,0.0011741176470559998,1.6e-06,EMD,Cryptopia,1527917389540
220,2099.9667332,0.0020159680638719996,9.6e-07,1452.55490525,0.0023386133974525,1.61e-06,EMD,Cryptopia,1527917389540
221,1061.03582309,0.0010079840319355,9.5e-07,356.85161685,0.0005888051678025001,1.65e-06,EMD,Cryptopia,1527917389540
222,2144.64687646,0.0020159680638724,9.4e-07,1839.34553655,0.003053313590673,1.66e-06,EMD,Cryptopia,1527917389540
223,1083.85379778,0.0010079840319353998,9.3e-07,17180.15397404,0.0286908571366468,1.67e-06,EMD,Cryptopia,1527917389540
224,2191.26963464,0.0020159680638688,9.2e-07,412.46779273,0.0006929458917864,1.68e-06,EMD,Cryptopia,1527917389540
225,2107.67476037,0.0019179840319367,9.1e-07,348.33436972,0.0005921684285239999,1.7e-06,EMD,Cryptopia,1527917389540
226,31685.51785319,0.028516966067870998,9e-07,973.01152921,0.0016638497149491,1.71e-06,EMD,Cryptopia,1527917389540
227,1145.43639993,0.0010079840319384002,8.8e-07,441.65788224,0.0007640681362752,1.73e-06,EMD,Cryptopia,1527917389540
228,1172.07445574,0.0010079840319364,8.6e-07,1954.75061177,0.0034012660644798,1.74e-06,EMD,Cryptopia,1527917389540
229,2782.14998574,0.0023370059880216,8.4e-07,1070.36980695,0.0018838508602320003,1.76e-06,EMD,Cryptopia,1527917389540
230,9084.14496308,0.0075398403193564,8.3e-07,412.47100943,0.0007341983967853999,1.78e-06,EMD,Cryptopia,1527917389540
231,1229.24881943,0.0010079840319326,8.2e-07,285.0,0.000513,1.8e-06,EMD,Cryptopia,1527917389540
232,1244.42473079,0.0010079840319399,8.1e-07,133.88520985,0.0002423322298285,1.81e-06,EMD,Cryptopia,1527917389540
233,1272.45508982,0.001017964071856,8e-07,1441.65628554,0.002667064128249,1.85e-06,EMD,Cryptopia,1527917389540
234,1275.92915435,0.0010079840319365,7.9e-07,6544.09895059,0.0121720240480974,1.86e-06,EMD,Cryptopia,1527917389540
235,1000.0,0.0007800000000000001,7.8e-07,2662.89734296,0.0050062470047648,1.88e-06,EMD,Cryptopia,1527917389540
236,25922.1816108,0.019960079840316,7.7e-07,25569.25424326,0.048581583062194,1.9e-06,EMD,Cryptopia,1527917389540
237,75800.66206885,0.0568504965516375,7.5e-07,529.85552256,0.0010120240480896,1.91e-06,EMD,Cryptopia,1527917389540
238,3427.57727788,0.0025364071856312,7.4e-07,5475.23340582,0.010676705141349,1.95e-06,EMD,Cryptopia,1527917389540
239,30322.31093368,0.0218320638722496,7.2e-07,516.33880005,0.001012024048098,1.96e-06,EMD,Cryptopia,1527917389540
240,56225.66135335,0.039920219560878496,7.1e-07,2200.0,0.004334,1.97e-06,EMD,Cryptopia,1527917389540
241,727.11719418,0.000508982035926,7e-07,2530.31315156,0.0050100200400888,1.98e-06,EMD,Cryptopia,1527917389540
242,1460.8464231,0.001007984031939,6.9e-07,3436.37596412,0.0068383881685988,1.99e-06,EMD,Cryptopia,1527917389540
243,3121.88123752,0.0019980039920128,6.4e-07,48934.71396346,0.09786942792692,2e-06,EMD,Cryptopia,1527917389540
244,9504.79992396,0.0059880239520948,6.3e-07,2503.49455129,0.005032024048092899,2.01e-06,EMD,Cryptopia,1527917389540
245,848.30339321,0.000508982035926,6e-07,491.27380976,0.0010120240481056,2.06e-06,EMD,Cryptopia,1527917389540
246,2556.44751176,0.0015083040319383999,5.9e-07,349.76651868,0.0007310120240412,2.09e-06,EMD,Cryptopia,1527917389540
247,1002.0,0.0005511,5.5e-07,479.63225028,0.0010120240480908,2.11e-06,EMD,Cryptopia,1527917389540
248,1866.63709618,0.0010079840319372,5.4e-07,2940.3230453,0.006233484856036,2.12e-06,EMD,Cryptopia,1527917389540
249,129000.0,0.06837,5.3e-07,468.5296519,0.001012024048104,2.16e-06,EMD,Cryptopia,1527917389540
250,76769.53784738,0.0399201596806376,5.2e-07,457.92943353,0.0010120240481013,2.21e-06,EMD,Cryptopia,1527917389540
251,100000.0,0.051,5.1e-07,451.12781955,0.0010060150375965,2.23e-06,EMD,Cryptopia,1527917389540
252,1017.96407186,0.00050898203593,5e-07,447.79825137,0.0010120240480962,2.26e-06,EMD,Cryptopia,1527917389540
253,1623.66571205,0.000746886227543,4.6e-07,438.10564853,0.0010120240481042999,2.31e-06,EMD,Cryptopia,1527917389540
254,145.98527514,6.5693373813e-05,4.5e-07,428.82374919,0.0010120240480883998,2.36e-06,EMD,Cryptopia,1527917389540
255,59404.99952476,0.0249500998003992,4.2e-07,419.92699091,0.0010120240480930999,2.41e-06,EMD,Cryptopia,1527917389540
256,771036.18612112,0.3161248363096592,4.1e-07,220.5183669,0.0005358596315669999,2.43e-06,EMD,Cryptopia,1527917389540
257,13792.41516966,0.005516966067864,4e-07,7219.36771618,0.017615257227479197,2.44e-06,EMD,Cryptopia,1527917389540
258,8600.0,0.0030099999999999997,3.5e-07,622.74655241,0.0015319565189286003,2.46e-06,EMD,Cryptopia,1527917389540
259,2964.65891746,0.0010079840319363999,3.4e-07,1241.73010362,0.0030919079580137994,2.49e-06,EMD,Cryptopia,1527917389540
260,60485.09042521,0.019960079840319302,3.3e-07,17400.0,0.043500000000000004,2.5e-06,EMD,Cryptopia,1527917389540
261,109118.76247505,0.034918003992016,3.2e-07,14403.19683191,0.0361520240480941,2.51e-06,EMD,Cryptopia,1527917389540
262,100000.0,0.031,3.1e-07,349.76251716,0.0008883967935864,2.54e-06,EMD,Cryptopia,1527917389540
263,15696.60678643,0.004708982035929,3e-07,395.32189379,0.0010120240481024,2.56e-06,EMD,Cryptopia,1527917389540
264,42388.9093315,0.012292783706135,2.9e-07,1387.74867743,0.0036220240480923003,2.61e-06,EMD,Cryptopia,1527917389540
265,8000.0,0.00216,2.7e-07,380.46016846,0.0010120240481036,2.66e-06,EMD,Cryptopia,1527917389540
266,24459.58822867,0.0063594929394542,2.6e-07,412.14167076,0.0011045396776368,2.68e-06,EMD,Cryptopia,1527917389540
267,4158.34996673,0.0009980039920152,2.4e-07,115359.45259747,0.3103169274871943,2.69e-06,EMD,Cryptopia,1527917389540
268,4339.14779137,0.0009980039920151,2.3e-07,35092.22051763,0.094748995397601,2.7e-06,EMD,Cryptopia,1527917389540
269,4581.74559971,0.0010079840319362,2.2e-07,373.44060815,0.0010120240480864999,2.71e-06,EMD,Cryptopia,1527917389540
270,8000.0,0.00168,2.1e-07,256.83,0.0006985775999999999,2.72e-06,EMD,Cryptopia,1527917389540
271,2544.91017964,0.000508982035928,2e-07,366.67537974,0.0010120240480823999,2.76e-06,EMD,Cryptopia,1527917389540
272,5870.61171774,0.0009980039920158,1.7e-07,3861.14316292,0.010733977992917601,2.78e-06,EMD,Cryptopia,1527917389540
273,10000.0,0.0016,1.6e-07,180.0,0.0005022,2.79e-06,EMD,Cryptopia,1527917389540
274,6653.35994677,0.0009980039920154998,1.5e-07,360.1509068,0.001012024048108,2.81e-06,EMD,Cryptopia,1527917389540
275,10000.0,0.0014000000000000002,1.4e-07,1145.9212226,0.003277334696636,2.86e-06,EMD,Cryptopia,1527917389540
276,97399.8669328,0.011687984031936,1.2e-07,2417.06161137,0.006961137440745599,2.88e-06,EMD,Cryptopia,1527917389540
277,90909.09090909,0.0099999999999999,1.1e-07,596.97616958,0.0017312308917820003,2.9e-06,EMD,Cryptopia,1527917389540
278,25089.82035928,0.0025089820359279996,1e-07,347.77458697,0.0010120240480827,2.91e-06,EMD,Cryptopia,1527917389540
279,14257.19988594,0.0009980039920158,7e-08,2146.02724828,0.0063093201099432,2.94e-06,EMD,Cryptopia,1527917389540
280,16633.39986693,0.0009980039920158,6e-08,841.90001625,0.0024920240481,2.96e-06,EMD,Cryptopia,1527917389540
281,199600.79840319,0.0099800399201595,5e-08,1641.9415714,0.004876566467058,2.97e-06,EMD,Cryptopia,1527917389540
282,50000.0,0.002,4e-08,2222.08681042,0.006621818695051599,2.98e-06,EMD,Cryptopia,1527917389540
283,83599.4677312,0.002507984031936,3e-08,2000.0,0.00598,2.99e-06,EMD,Cryptopia,1527917389540
284,350000.0,0.007,2e-08,4882.80641932,0.01464841925796,3e-06,EMD,Cryptopia,1527917389540
285,413039.91239521,0.0041303991239521,1e-08,259.11269459,0.0007799292107159,3.01e-06,EMD,Cryptopia,1527917389540
286,,,,876.56917012,0.0026472388937623997,3.02e-06,EMD,Cryptopia,1527917389540
287,,,,330.7268131,0.001012024048086,3.06e-06,EMD,Cryptopia,1527917389540
288,,,,325.40966177,0.0010120240481047,3.11e-06,EMD,Cryptopia,1527917389540
289,,,,320.26077471,0.0010120240480836,3.16e-06,EMD,Cryptopia,1527917389540
290,,,,1300.0,0.00416,3.2e-06,EMD,Cryptopia,1527917389540
291,,,,315.27228913,0.0010120240481073,3.21e-06,EMD,Cryptopia,1527917389540
292,,,,310.43682457,0.0010120240480982,3.26e-06,EMD,Cryptopia,1527917389540
293,,,,159.61309209,0.0005267232038970001,3.3e-06,EMD,Cryptopia,1527917389540
294,,,,305.74744655,0.0010120240480805001,3.31e-06,EMD,Cryptopia,1527917389540
295,,,,301.19763336,0.0010120240480896,3.36e-06,EMD,Cryptopia,1527917389540
296,,,,329.71910548,0.0011177477675772,3.39e-06,EMD,Cryptopia,1527917389540
297,,,,296.78124578,0.0010120240481098,3.41e-06,EMD,Cryptopia,1527917389540
298,,,,6119.6121508,0.021112661920259998,3.45e-06,EMD,Cryptopia,1527917389540
299,,,,292.49249945,0.0010120240480970002,3.46e-06,EMD,Cryptopia,1527917389540
300,,,,365.20733037,0.0012709215096876002,3.48e-06,EMD,Cryptopia,1527917389540
301,22.35333162,0.046247925455199,0.00206895,2.72466092,0.0057548653155688,0.00211214,FCT,Cryptopia,1527917389958
302,1.50133516,0.003105962179008,0.0020688,0.23738891,0.0005014009862565,0.00211215,FCT,Cryptopia,1527917389958
303,3.07977216,0.006313532928000001,0.00205,2.61799968,0.005529817464086401,0.00211223,FCT,Cryptopia,1527917389958
304,1.72496397,0.0034952599931316,0.00202628,15.0,0.03169695,0.00211313,FCT,Cryptopia,1527917389958
305,1.91662663,0.0038074554655602006,0.00198654,0.275,0.00058299725,0.00211999,FCT,Cryptopia,1527917389958
306,0.47477594,0.0009428385482084,0.00198586,10.0,0.0212,0.00212,FCT,Cryptopia,1527917389958
307,3.32588031,0.0064890918140379,0.00195109,6.77651427,0.014599999994715,0.0021545,FCT,Cryptopia,1527917389958
308,2.12958514,0.0041475374269612005,0.00194758,4.27778211,0.009216524333816102,0.00215451,FCT,Cryptopia,1527917389958
309,0.52752882,0.0010270564102344,0.00194692,0.35738322,0.000770000016651,0.00215455,FCT,Cryptopia,1527917389958
310,2.36620571,0.0045180095206169,0.00190939,4.75309123,0.0104495284764181,0.00219847,FCT,Cryptopia,1527917389958
311,0.58614313,0.0011187948379561999,0.00190874,0.39709246,0.0008730157151591999,0.00219852,FCT,Cryptopia,1527917389958
312,1.43132868,0.0027195388052868,0.00190001,1.00303931,0.002206686482,0.0022,FCT,Cryptopia,1527917389958
313,2.62911745,0.0049215764105275,0.00187195,5.28121247,0.0118475023703251,0.00224333,FCT,Cryptopia,1527917389958
314,0.53755349,0.0010000000063772,0.00186028,5.86801385,0.0134325291841735,0.00228911,FCT,Cryptopia,1527917389958
315,258.91696607,0.4789963872295,0.00185,6.52001538,0.015229582324911601,0.00233582,FCT,Cryptopia,1527917389958
316,0.48440552,0.0008960678630616,0.00184983,10.23839374,0.0245209530073,0.002395,FCT,Cryptopia,1527917389958
317,0.65127014,0.0011948267115454,0.00183461,0.49,0.0011857999999999999,0.00242,FCT,Cryptopia,1527917389958
318,1.0,0.00183,0.00183,0.28465199,0.0006923077979188,0.00243212,FCT,Cryptopia,1527917389958
319,0.48627513,0.0008812375160886,0.00181222,6.0,0.015000059999999999,0.00250001,FCT,Cryptopia,1527917389958
320,0.2795025,0.000503107295025,0.00180001,2.80726897,0.0072254892384344994,0.00257385,FCT,Cryptopia,1527917389958
321,1.0,0.0018,0.0018,2.05668554,0.0053095188232086,0.00258159,FCT,Cryptopia,1527917389958
322,0.85329715,0.0015169660743554999,0.00177777,1.0509067,0.00271302073672,0.0025816,FCT,Cryptopia,1527917389958
323,0.3,0.000522723,0.00174241,1.25416455,0.003244147441485,0.0025867,FCT,Cryptopia,1527917389958
324,1.9,0.00304,0.0016,27.2726033,0.070605497231304,0.00258888,FCT,Cryptopia,1527917389958
325,0.34,0.00051,0.0015,32.67920265,0.0846028609485585,0.00258889,FCT,Cryptopia,1527917389958
326,1.84177819,0.0027208773378689,0.00147731,5.25416455,0.013608286184499998,0.00259,FCT,Cryptopia,1527917389958
327,2.0,0.00285388,0.00142694,3.25416455,0.00843349284778,0.0025916,FCT,Cryptopia,1527917389958
328,4.40993483,0.0049896207634035,0.00113145,6.55521125,0.017043549249999998,0.0026,FCT,Cryptopia,1527917389958
329,4.41038694,0.0049899999916548,0.00113142,1.25416455,0.003350952094563,0.00267186,FCT,Cryptopia,1527917389958
330,0.54861013,0.0005502724186939001,0.00100303,0.19269154,0.0005175906725093999,0.00268611,FCT,Cryptopia,1527917389958
331,50.0,0.050151,0.00100302,0.22495493,0.0006051287617,0.00269,FCT,Cryptopia,1527917389958
332,4.5,0.0045135,0.001003,1.01640732,0.0027553582756415997,0.00271088,FCT,Cryptopia,1527917389958
333,0.51,0.00051,0.001,24.0,0.065112,0.002713,FCT,Cryptopia,1527917389958
334,15.43559132,0.012348473056,0.0008,1.01816098,0.0027625660054242003,0.00271329,FCT,Cryptopia,1527917389958
335,50.0,0.039252999999999996,0.00078506,2.87203972,0.00789810923,0.00275,FCT,Cryptopia,1527917389958
336,0.07,5.495350000000001e-05,0.00078505,0.18829138,0.0005245967309042,0.00278609,FCT,Cryptopia,1527917389958
337,11.87020418,0.007122716018209,0.00060005,3.25416455,0.009066427852755,0.0027861,FCT,Cryptopia,1527917389958
338,2.67712851,0.0007804632745203002,0.00029153,6.48755008,0.018165140224,0.0028,FCT,Cryptopia,1527917389958
339,5.0,0.0014575999999999999,0.00029152,0.91057424,0.0025514927606767996,0.00280207,FCT,Cryptopia,1527917389958
340,5.0,0.0008503,0.00017006,4.19287127,0.011907754406800001,0.00284,FCT,Cryptopia,1527917389958
341,3.24678488,0.000552115768844,0.00017005,0.50232117,0.0014395620554093999,0.00286582,FCT,Cryptopia,1527917389958
342,4.33892216,0.000433892216,0.0001,1.0,0.00288,0.00288,FCT,Cryptopia,1527917389958
343,1000.0,0.010339999999999998,1.034e-05,0.17356855,0.000501318042965,0.0028883,FCT,Cryptopia,1527917389958
344,483.06098355,0.0049900199600715,1.033e-05,1.45964631,0.0042319379501199,0.00289929,FCT,Cryptopia,1527917389958
345,49.90118286,0.000506497006029,1.015e-05,2.23855888,0.006491820751999999,0.0029,FCT,Cryptopia,1527917389958
346,150.0,0.001515,1.01e-05,0.49213394,0.0014471247719093998,0.00294051,FCT,Cryptopia,1527917389958
347,468.0,0.00050544,1.08e-06,7.12854902,0.0210536705321386,0.00295343,FCT,Cryptopia,1527917389958
348,468.0,0.0005007599999999999,1.07e-06,1.0,0.00298,0.00298,FCT,Cryptopia,1527917389958
349,9708.73786408,0.010000000000002401,1.03e-06,10.0,0.0298463,0.00298463,FCT,Cryptopia,1527917389958
350,1000.0,0.00066,6.6e-07,7.57222253,0.0226292841420038,0.00298846,FCT,Cryptopia,1527917389958
351,5000.0,0.0002,4e-08,9.11538975,0.027286281139342502,0.00299343,FCT,Cryptopia,1527917389958
352,26000.0,0.00026000000000000003,1e-08,0.39,0.00117,0.003,FCT,Cryptopia,1527917389958
353,,,,6.6,0.020273483999999998,0.00307174,FCT,Cryptopia,1527917389958
354,,,,10.0,0.030773799999999997,0.00307738,FCT,Cryptopia,1527917389958
355,,,,1.0,0.0031,0.0031,FCT,Cryptopia,1527917389958
356,,,,10.1161288,0.031744209851824,0.00313798,FCT,Cryptopia,1527917389958
357,,,,2.53231231,0.0080000304035058,0.00315918,FCT,Cryptopia,1527917389958
358,,,,0.2,0.0006371380000000001,0.00318569,FCT,Cryptopia,1527917389958
359,,,,6.74241826,0.021575738432000002,0.0032,FCT,Cryptopia,1527917389958
360,,,,0.25775575,0.0008296642081,0.0032188,FCT,Cryptopia,1527917389958
361,,,,0.04512115,0.00014651739828,0.0032472,FCT,Cryptopia,1527917389958
362,,,,1.38503516,0.0045000207858948,0.00324903,FCT,Cryptopia,1527917389958
363,,,,7.04269872,0.022977649697846398,0.00326262,FCT,Cryptopia,1527917389958
364,,,,2.5,0.008157325,0.00326293,FCT,Cryptopia,1527917389958
365,,,,10.52350353,0.034341138599378394,0.00326328,FCT,Cryptopia,1527917389958
366,,,,0.44,0.0014390376,0.00327054,FCT,Cryptopia,1527917389958
367,,,,0.33835784,0.0011159244577904,0.00329806,FCT,Cryptopia,1527917389958
368,,,,2.0,0.0066,0.0033,FCT,Cryptopia,1527917389958
369,,,,1.0,0.00331111,0.00331111,FCT,Cryptopia,1527917389958
370,,,,1.43543817,0.0047907461836116,0.00333748,FCT,Cryptopia,1527917389958
371,,,,0.3,0.001014132,0.00338044,FCT,Cryptopia,1527917389958
372,,,,0.15593908,0.0005272269106984,0.00338098,FCT,Cryptopia,1527917389958
373,,,,0.2,0.000677138,0.00338569,FCT,Cryptopia,1527917389958
374,,,,1.75099444,0.005953381095999999,0.0034,FCT,Cryptopia,1527917389958
375,,,,12.14303597,0.041745329057666,0.0034378,FCT,Cryptopia,1527917389958
376,,,,3.2,0.011065600000000002,0.003458,FCT,Cryptopia,1527917389958
377,,,,2.00660765,0.006976332684601999,0.00347668,FCT,Cryptopia,1527917389958
378,,,,1.0,0.00348,0.00348,FCT,Cryptopia,1527917389958
379,,,,1.03579788,0.0036222784081692003,0.00349709,FCT,Cryptopia,1527917389958
380,,,,61.7,0.215943213,0.00349989,FCT,Cryptopia,1527917389958
381,,,,14.70329554,0.05146153439,0.0035,FCT,Cryptopia,1527917389958
382,,,,8.40092631,0.029991222917436895,0.00356999,FCT,Cryptopia,1527917389958
383,,,,0.3,0.001074132,0.00358044,FCT,Cryptopia,1527917389958
384,,,,0.88682984,0.0032143679648704002,0.00362456,FCT,Cryptopia,1527917389958
385,,,,0.15284958,0.0005540155306764001,0.00362458,FCT,Cryptopia,1527917389958
386,,,,0.39268031,0.0014679921441008998,0.00373839,FCT,Cryptopia,1527917389958
387,,,,0.2,0.000756088,0.00378044,FCT,Cryptopia,1527917389958
388,,,,0.2,0.00075712,0.0037856,FCT,Cryptopia,1527917389958
389,,,,4.54958157,0.017288409966,0.0038,FCT,Cryptopia,1527917389958
390,,,,0.2,0.0007651200000000001,0.0038256,FCT,Cryptopia,1527917389958
391,,,,9.88006798,0.03826550328654,0.003873,FCT,Cryptopia,1527917389958
392,,,,16.63241661,0.06450051161358,0.003878,FCT,Cryptopia,1527917389958
393,,,,0.2,0.000777138,0.00388569,FCT,Cryptopia,1527917389958
394,,,,20.0,0.078,0.0039,FCT,Cryptopia,1527917389958
395,,,,0.1529052,0.00059646024942,0.00390085,FCT,Cryptopia,1527917389958
396,,,,8.13055164,0.031735982216412,0.0039033,FCT,Cryptopia,1527917389958
397,,,,0.33022155,0.001300002989178,0.00393676,FCT,Cryptopia,1527917389958
398,,,,0.38080876,0.00150000570564,0.003939,FCT,Cryptopia,1527917389958
399,,,,0.38068844,0.0015000038188256002,0.00394024,FCT,Cryptopia,1527917389958
400,,,,10.32889003,0.040827003621581,0.0039527,FCT,Cryptopia,1527917389958
401,5561.89160141,0.0036152295409164997,6.5e-07,11093.96153774,0.007432954230285801,6.7e-07,PAK,Cryptopia,1527917390274
402,13720.20022455,0.008780928143712001,6.4e-07,13987.05808984,0.0095111995010912,6.8e-07,PAK,Cryptopia,1527917390274
403,6775.82258065,0.0042687682258095005,6.3e-07,11072.86812456,0.007751007687191999,7e-07,PAK,Cryptopia,1527917390274
404,37909.55169694,0.023503922052102798,6.2e-07,3399.99999999,0.0024139999999929,7.1e-07,PAK,Cryptopia,1527917390274
405,10631.57061942,0.0064852580778462,6.1e-07,4237.38624774,0.0030509180983727996,7.2e-07,PAK,Cryptopia,1527917390274
406,68211.48040918,0.040926888245508,6e-07,2000.0,0.00146,7.3e-07,PAK,Cryptopia,1527917390274
407,8439.63546466,0.004979384924149399,5.9e-07,4194.75685217,0.0031041200706057996,7.4e-07,PAK,Cryptopia,1527917390274
408,18151.3571994,0.010527787175652,5.8e-07,14413.07575326,0.010809806814945,7.5e-07,PAK,Cryptopia,1527917390274
409,14150.98769472,0.008066062985990401,5.7e-07,4536.95598278,0.0034480865469128006,7.6e-07,PAK,Cryptopia,1527917390274
410,95052.88414599,0.053229615121754406,5.6e-07,10741.81259266,0.008271195696348202,7.7e-07,PAK,Cryptopia,1527917390274
411,14808.5646888,0.00814471057884,5.5e-07,4408.74578947,0.0034388217157866005,7.8e-07,PAK,Cryptopia,1527917390274
412,10681.4888741,0.005768003992014,5.4e-07,2000.0,0.0015799999999999998,7.9e-07,PAK,Cryptopia,1527917390274
413,56007.11783979,0.0296837724550887,5.3e-07,2000.0,0.0015999999999999999,8e-07,PAK,Cryptopia,1527917390274
414,112114.58724009,0.0582995853648468,5.2e-07,4597.65353504,0.0037240993633824,8.1e-07,PAK,Cryptopia,1527917390274
415,26317.18915111,0.0134217664670661,5.1e-07,2000.0,0.00164,8.2e-07,PAK,Cryptopia,1527917390274
416,3453.38226513,0.001726691132565,5e-07,5026.38805453,0.0041719020852599,8.3e-07,PAK,Cryptopia,1527917390274
417,21872.34042553,0.0102799999999991,4.7e-07,2806.0,0.00235704,8.4e-07,PAK,Cryptopia,1527917390274
418,25703.22398681,0.0118234830339326,4.6e-07,6393.38772455,0.0054343795658675,8.5e-07,PAK,Cryptopia,1527917390274
419,4913.61721002,0.002211127744509,4.5e-07,8224.0,0.00707264,8.6e-07,PAK,Cryptopia,1527917390274
420,5863.46354909,0.0024626546906178,4.2e-07,11214.93263473,0.0097569913922151,8.7e-07,PAK,Cryptopia,1527917390274
421,26675.25475365,0.010136596806387,3.8e-07,7186.0,0.00632368,8.8e-07,PAK,Cryptopia,1527917390274
422,95534.93432258,0.0296158296399998,3.1e-07,13806.0,0.012287339999999999,8.9e-07,PAK,Cryptopia,1527917390274
423,9536.38178189,0.0020980039920158004,2.2e-07,35103.12273662,0.031592810462958,9e-07,PAK,Cryptopia,1527917390274
424,117677.69223458,0.0247123153692618,2.1e-07,8505.08517962,0.0077396275134542,9.1e-07,PAK,Cryptopia,1527917390274
425,798585.74517631,0.09583028942115719,1.2e-07,5806.0,0.00534152,9.2e-07,PAK,Cryptopia,1527917390274
426,9072.76356378,0.0009980039920158,1.1e-07,8535.42864271,0.0079379486377203,9.3e-07,PAK,Cryptopia,1527917390274
427,10000.0,0.001,1e-07,9706.6956778,0.009124293937132,9.4e-07,PAK,Cryptopia,1527917390274
428,787.22222222,7.08499999998e-05,9e-08,17876.85828343,0.0169830153692585,9.5e-07,PAK,Cryptopia,1527917390274
429,42771.59965782,0.0029940119760474,7e-08,20806.0,0.019973759999999997,9.6e-07,PAK,Cryptopia,1527917390274
430,90000.0,0.005399999999999999,6e-08,7815.94174133,0.0075814634890901,9.7e-07,PAK,Cryptopia,1527917390274
431,99800.3992016,0.002994011976048,3e-08,18557.54552639,0.0181863946158622,9.8e-07,PAK,Cryptopia,1527917390274
432,280512.47504991,0.005610249500998201,2e-08,31421.71895795,0.031107501768370502,9.9e-07,PAK,Cryptopia,1527917390274
433,1109800.3992016,0.011098003992016001,1e-08,27704.99066466,0.02770499066466,1e-06,PAK,Cryptopia,1527917390274
434,,,,5401.5,0.005455515,1.01e-06,PAK,Cryptopia,1527917390274
435,,,,20404.0,0.02081208,1.02e-06,PAK,Cryptopia,1527917390274
436,,,,15150.76337627,0.015605286277558103,1.03e-06,PAK,Cryptopia,1527917390274
437,,,,14506.0,0.01508624,1.04e-06,PAK,Cryptopia,1527917390274
438,,,,32916.58307368,0.034562412227363996,1.05e-06,PAK,Cryptopia,1527917390274
439,,,,16181.57109112,0.0171524653565872,1.06e-06,PAK,Cryptopia,1527917390274
440,,,,25199.45239883,0.026963414066748098,1.07e-06,PAK,Cryptopia,1527917390274
441,,,,14298.27155445,0.015442133278806001,1.08e-06,PAK,Cryptopia,1527917390274
442,,,,10643.0944961,0.011600973000749,1.09e-06,PAK,Cryptopia,1527917390274
443,,,,28766.81170991,0.031643492880901,1.1e-06,PAK,Cryptopia,1527917390274
444,,,,11806.0,0.013104659999999999,1.11e-06,PAK,Cryptopia,1527917390274
445,,,,11806.0,0.01322272,1.12e-06,PAK,Cryptopia,1527917390274
446,,,,5338.5911467,0.006032607995770999,1.13e-06,PAK,Cryptopia,1527917390274
447,,,,4934.91390346,0.005625801849944401,1.14e-06,PAK,Cryptopia,1527917390274
448,,,,22806.0,0.0262269,1.15e-06,PAK,Cryptopia,1527917390274
449,,,,1806.0,0.00209496,1.16e-06,PAK,Cryptopia,1527917390274
450,,,,17406.41474024,0.0203655052460808,1.17e-06,PAK,Cryptopia,1527917390274
451,,,,9400.77098435,0.011092909761533,1.18e-06,PAK,Cryptopia,1527917390274
452,,,,21735.74576039,0.025865537454864102,1.19e-06,PAK,Cryptopia,1527917390274
453,,,,35306.0,0.0423672,1.2e-06,PAK,Cryptopia,1527917390274
454,,,,2220.90411372,0.0026872939776012004,1.21e-06,PAK,Cryptopia,1527917390274
455,,,,5806.0,0.00708332,1.22e-06,PAK,Cryptopia,1527917390274
456,,,,4546.62429293,0.0055923478803039,1.23e-06,PAK,Cryptopia,1527917390274
457,,,,4231.25269264,0.005246753338873599,1.24e-06,PAK,Cryptopia,1527917390274
458,,,,30806.0,0.0385075,1.25e-06,PAK,Cryptopia,1527917390274
459,,,,1806.0,0.00227556,1.26e-06,PAK,Cryptopia,1527917390274
460,,,,1806.0,0.0022936199999999997,1.27e-06,PAK,Cryptopia,1527917390274
461,,,,4306.0,0.00551168,1.28e-06,PAK,Cryptopia,1527917390274
462,,,,1806.0,0.00232974,1.29e-06,PAK,Cryptopia,1527917390274
463,,,,32893.25748503,0.042761234730539,1.3e-06,PAK,Cryptopia,1527917390274
464,,,,1806.0,0.00236586,1.31e-06,PAK,Cryptopia,1527917390274
465,,,,4561.0,0.0060205200000000006,1.32e-06,PAK,Cryptopia,1527917390274
466,,,,3806.0,0.00506198,1.33e-06,PAK,Cryptopia,1527917390274
467,,,,1806.0,0.00242004,1.34e-06,PAK,Cryptopia,1527917390274
468,,,,24806.0,0.0334881,1.35e-06,PAK,Cryptopia,1527917390274
469,,,,1806.0,0.0024561599999999998,1.36e-06,PAK,Cryptopia,1527917390274
470,,,,21306.0,0.029189220000000002,1.37e-06,PAK,Cryptopia,1527917390274
471,,,,3806.0,0.00525228,1.38e-06,PAK,Cryptopia,1527917390274
472,,,,8080.0243515,0.011231233848585001,1.39e-06,PAK,Cryptopia,1527917390274
473,,,,141022.72191529,0.19743181068140597,1.4e-06,PAK,Cryptopia,1527917390274
474,,,,1806.0,0.00254646,1.41e-06,PAK,Cryptopia,1527917390274
475,,,,3395.85971583,0.0048221207964786,1.42e-06,PAK,Cryptopia,1527917390274
476,,,,26456.39838548,0.0378326496912364,1.43e-06,PAK,Cryptopia,1527917390274
477,,,,1806.0,0.00260064,1.44e-06,PAK,Cryptopia,1527917390274
478,,,,31806.0,0.046118700000000006,1.45e-06,PAK,Cryptopia,1527917390274
479,,,,1806.0,0.00263676,1.46e-06,PAK,Cryptopia,1527917390274
480,,,,1806.0,0.00265482,1.47e-06,PAK,Cryptopia,1527917390274
481,,,,4806.0,0.00711288,1.48e-06,PAK,Cryptopia,1527917390274
482,,,,12180.0,0.0181482,1.49e-06,PAK,Cryptopia,1527917390274
483,,,,54075.89272693,0.08111383909039499,1.5e-06,PAK,Cryptopia,1527917390274
484,,,,11000.0,0.01661,1.51e-06,PAK,Cryptopia,1527917390274
485,,,,3979.35744307,0.0060486233134664,1.52e-06,PAK,Cryptopia,1527917390274
486,,,,3042.33566432,0.0046547735664096,1.53e-06,PAK,Cryptopia,1527917390274
487,,,,2686.35536554,0.0041369872629316,1.54e-06,PAK,Cryptopia,1527917390274
488,,,,7857.0,0.01217835,1.55e-06,PAK,Cryptopia,1527917390274
489,,,,7676.73829129,0.0119757117344124,1.56e-06,PAK,Cryptopia,1527917390274
490,,,,1319.97515753,0.0020723609973221,1.57e-06,PAK,Cryptopia,1527917390274
491,,,,4049.83814475,0.006398744268705,1.58e-06,PAK,Cryptopia,1527917390274
492,,,,2252.7464253,0.0035818668162269996,1.59e-06,PAK,Cryptopia,1527917390274
493,,,,16541.82580981,0.026466921295696,1.6e-06,PAK,Cryptopia,1527917390274
494,,,,2164.0758188,0.003484162068268,1.61e-06,PAK,Cryptopia,1527917390274
495,,,,27495.20992602,0.0445422400801524,1.62e-06,PAK,Cryptopia,1527917390274
496,,,,3152.16749599,0.0051380330184637,1.63e-06,PAK,Cryptopia,1527917390274
497,,,,1414.39041096,0.0023196002739744002,1.64e-06,PAK,Cryptopia,1527917390274
498,,,,6316.44032163,0.0104221265306895,1.65e-06,PAK,Cryptopia,1527917390274
499,,,,14000.0,0.02324,1.66e-06,PAK,Cryptopia,1527917390274
500,,,,3080.892,0.00514508964,1.67e-06,PAK,Cryptopia,1527917390274
501,1072.31059433,0.0211352418142443,1.971e-05,40.0,0.0008028,2.007e-05,GLD,Cryptopia,1527917390868
502,963.84799996,0.018987805599212003,1.97e-05,77.14354858,0.0016470147621830001,2.135e-05,GLD,Cryptopia,1527917390868
503,744.33526326,0.0144103306967136,1.936e-05,85.71428571,0.0018411428570508002,2.148e-05,GLD,Cryptopia,1527917390868
504,100.69974527,0.0019485400709744998,1.935e-05,31.54290591,0.0006841656291879001,2.169e-05,GLD,Cryptopia,1527917390868
505,10.69974527,0.000206505083711,1.93e-05,326.4634417,0.007358485975918,2.254e-05,GLD,Cryptopia,1527917390868
506,52.36280685,0.0010079840318625,1.925e-05,69.70251806,0.0015766709585172001,2.262e-05,GLD,Cryptopia,1527917390868
507,500.0,0.00953,1.906e-05,8.34009541,0.0001896537696234,2.274e-05,GLD,Cryptopia,1527917390868
508,655.12131023,0.01244730489437,1.9e-05,143.75495651,0.0033279272432065,2.315e-05,GLD,Cryptopia,1527917390868
509,51.57968194,0.0009738243950272,1.888e-05,21.15996615,0.0005000100001245,2.363e-05,GLD,Cryptopia,1527917390868
510,53.75914837,0.0010079840319375,1.875e-05,71.7273875,0.0017071118225,2.38e-05,GLD,Cryptopia,1527917390868
511,54.48562335,0.0010079840319749999,1.85e-05,50.0,0.001195,2.39e-05,GLD,Cryptopia,1527917390868
512,55.23200175,0.0010079840319375,1.825e-05,205.0,0.00492,2.4e-05,GLD,Cryptopia,1527917390868
513,10653.40263917,0.19176124750506002,1.8e-05,27.73713951,0.0006701292905616,2.416e-05,GLD,Cryptopia,1527917390868
514,56.78783279,0.0010079840320225,1.775e-05,137.90332235,0.0033634620321165,2.439e-05,GLD,Cryptopia,1527917390868
515,57.59908754,0.00100798403195,1.75e-05,80.587081,0.0019663247764,2.44e-05,GLD,Cryptopia,1527917390868
516,50.0,0.0008705000000000001,1.741e-05,64.93690206,0.0015883566243875998,2.446e-05,GLD,Cryptopia,1527917390868
517,28.93518519,0.0005000000000832,1.728e-05,46.46834538,0.0011459093970708001,2.466e-05,GLD,Cryptopia,1527917390868
518,58.43385692,0.0010079840318699999,1.725e-05,132.0,0.0033,2.5e-05,GLD,Cryptopia,1527917390868
519,34.38645462,0.0005907592903716001,1.718e-05,36.40616602,0.0009367306516946,2.573e-05,GLD,Cryptopia,1527917390868
520,247.15275332,0.00420159680644,1.7e-05,20.29351695,0.000523166866971,2.578e-05,GLD,Cryptopia,1527917390868
521,29.51593861,0.0005000000000534,1.694e-05,49.9339,0.001288793959,2.581e-05,GLD,Cryptopia,1527917390868
522,60.17815116,0.00100798403193,1.675e-05,29.92243819,0.00077798339294,2.6e-05,GLD,Cryptopia,1527917390868
523,30.12048193,0.000500000000038,1.66e-05,45.55072515,0.0011943400134329998,2.622e-05,GLD,Cryptopia,1527917390868
524,61.08994133,0.0010079840319450002,1.65e-05,853.61834892,0.0223989454756608,2.624e-05,GLD,Cryptopia,1527917390868
525,61.34839269,0.0010079540918967,1.643e-05,45.4057,0.0012332188120000001,2.716e-05,GLD,Cryptopia,1527917390868
526,72.59076286,0.0011883107880182,1.637e-05,19.35216082,0.0005329585089828001,2.754e-05,GLD,Cryptopia,1527917390868
527,30.7314075,0.000500000000025,1.627e-05,191.48196316,0.0054840434249024,2.864e-05,GLD,Cryptopia,1527917390868
528,760.76769538,0.012362475049924998,1.625e-05,53.88615233,0.0015583875253836002,2.892e-05,GLD,Cryptopia,1527917390868
529,2400.0,0.038616,1.609e-05,150.00045202,0.004350013108580001,2.9e-05,GLD,Cryptopia,1527917390868
530,362.4001996,0.0057984031935999995,1.6e-05,31.13904528,0.000915487931232,2.94e-05,GLD,Cryptopia,1527917390868
531,31.36762861,0.0005000000000434,1.594e-05,18.0908593,0.0005324139891990001,2.943e-05,GLD,Cryptopia,1527917390868
532,125.69319799,0.0019960079840812,1.588e-05,175.97624486,0.0052370530470336,2.976e-05,GLD,Cryptopia,1527917390868
533,63.99898615,0.0010079840318625,1.575e-05,50.0,0.0014975,2.995e-05,GLD,Cryptopia,1527917390868
534,32.01024328,0.0005000000000336,1.562e-05,41.70119548,0.0012568740317672,3.014e-05,GLD,Cryptopia,1527917390868
535,35.62700518,0.0005525748503417999,1.551e-05,19.98440138,0.00061951644278,3.1e-05,GLD,Cryptopia,1527917390868
536,765.03122787,0.011857984031985,1.55e-05,16.93460791,0.0005324240726904,3.144e-05,GLD,Cryptopia,1527917390868
537,32.65839321,0.0005000000000451,1.531e-05,53.71507869,0.0017086766531289,3.181e-05,GLD,Cryptopia,1527917390868
538,68.93949805,0.0010513273452625,1.525e-05,32.16112514,0.0010233670019547999,3.182e-05,GLD,Cryptopia,1527917390868
539,2444.07850964,0.0366611776446,1.5e-05,50.0,0.0015990000000000002,3.198e-05,GLD,Cryptopia,1527917390868
540,552.89150696,0.0081606786427296,1.476e-05,54.8935794,0.0017565945407999998,3.2e-05,GLD,Cryptopia,1527917390868
541,68.33790047,0.0010079840319324998,1.475e-05,44.10910787,0.001433546005775,3.25e-05,GLD,Cryptopia,1527917390868
542,69.51614013,0.001007984031885,1.45e-05,21.32731073,0.0006942039642615,3.255e-05,GLD,Cryptopia,1527917390868
543,69.9503145,0.001007984031945,1.441e-05,30.90149765,0.0010120240480375,3.275e-05,GLD,Cryptopia,1527917390868
544,70.73572154,0.001007984031945,1.425e-05,26.55164699,0.0008700974718622999,3.277e-05,GLD,Cryptopia,1527917390868
545,71.3869711,0.001007984031932,1.412e-05,26.80282374,0.0008812768445711999,3.288e-05,GLD,Cryptopia,1527917390868
546,792.59040805,0.0111041916167805,1.401e-05,30.6673954,0.0010120240482,3.3e-05,GLD,Cryptopia,1527917390868
547,207.44225834,0.00290419161676,1.4e-05,61.65610169,0.0020352679167868998,3.301e-05,GLD,Cryptopia,1527917390868
548,36.71562562,0.0005099800398618,1.389e-05,537.97887527,0.0177748220389208,3.304e-05,GLD,Cryptopia,1527917390868
549,145.2426559,0.0020159680638919997,1.388e-05,30.43681348,0.00101202404821,3.325e-05,GLD,Cryptopia,1527917390868
550,72.83121618,0.0010079840319312,1.384e-05,15.0661467,0.0005020040080439999,3.332e-05,GLD,Cryptopia,1527917390868
551,73.3079296,0.001007984032,1.375e-05,1825.2489293,0.06083554681356901,3.333e-05,GLD,Cryptopia,1527917390868
552,148.23294587,0.002015968063832,1.36e-05,30.20967308,0.0010120240481800002,3.35e-05,GLD,Cryptopia,1527917390868
553,74.3351056,0.001007984031936,1.356e-05,15.87204095,0.000532983135101,3.358e-05,GLD,Cryptopia,1527917390868
554,251.06675538,0.00338940119763,1.35e-05,455.0,0.01531075,3.365e-05,GLD,Cryptopia,1527917390868
555,226.85312046,0.0030239520957318,1.333e-05,29.98589772,0.00101202404805,3.375e-05,GLD,Cryptopia,1527917390868
556,75.84529962,0.0010079840319498,1.329e-05,144.12424488,0.0048670757495975995,3.377e-05,GLD,Cryptopia,1527917390868
557,76.07426656,0.00100798403192,1.325e-05,403.54347294,0.01372047807996,3.4e-05,GLD,Cryptopia,1527917390868
558,152.89542865,0.0020059880238880003,1.312e-05,79.54814739,0.0027245240481074996,3.425e-05,GLD,Cryptopia,1527917390868
559,154.36202633,0.0020159680638698,1.306e-05,29.33403038,0.00101202404811,3.45e-05,GLD,Cryptopia,1527917390868
560,77.41812841,0.0010079840318982,1.302e-05,45.2762749,0.001567011874289,3.461e-05,GLD,Cryptopia,1527917390868
561,1949.9669891,0.0253495708583,1.3e-05,16.6086379,0.000575157130477,3.463e-05,GLD,Cryptopia,1527917390868
562,39.69178461,0.0005151993642378,1.298e-05,29.12299419,0.0010120240481024999,3.475e-05,GLD,Cryptopia,1527917390868
563,78.62589953,0.0010079840319746,1.282e-05,16.17294393,0.0005624949898854,3.478e-05,GLD,Cryptopia,1527917390868
564,234.68687625,0.003003992016,1.28e-05,150.0,0.005218499999999999,3.479e-05,GLD,Cryptopia,1527917390868
565,157.08598465,0.0020059880239805,1.277e-05,143.00008062,0.004976402805576,3.48e-05,GLD,Cryptopia,1527917390868
566,65.46671363,0.0008347005987825,1.275e-05,150.0,0.005232,3.488e-05,GLD,Cryptopia,1527917390868
567,79.87195182,0.0010079840319684001,1.262e-05,238.41804743,0.0083327107576785,3.495e-05,GLD,Cryptopia,1527917390868
568,239.55279234,0.0030039920159436,1.254e-05,150.95044799,0.005280246670690199,3.498e-05,GLD,Cryptopia,1527917390868
569,252.16633081,0.0031546007984331,1.251e-05,2819.5488722,0.098656015038278,3.499e-05,GLD,Cryptopia,1527917390868
570,80.63872255,0.001007984031875,1.25e-05,1723.85622349,0.06033496782215,3.5e-05,GLD,Cryptopia,1527917390868
571,510.0,0.006354599999999999,1.246e-05,120.0,0.0042384,3.532e-05,GLD,Cryptopia,1527917390868
572,81.61814024,0.001007984031964,1.235e-05,150.0,0.0052995,3.533e-05,GLD,Cryptopia,1527917390868
573,244.42571326,0.0030039920159654,1.229e-05,37.08673326,0.0013136120920692002,3.542e-05,GLD,Cryptopia,1527917390868
574,163.6205566,0.0020059880239159996,1.226e-05,90.33615595,0.0032060301746655003,3.549e-05,GLD,Cryptopia,1527917390868
575,82.28441077,0.0010079840319324998,1.225e-05,34.02217313,0.001207787146115,3.55e-05,GLD,Cryptopia,1527917390868
576,135.90311127,0.0016471457085924,1.212e-05,95.59425211,0.0034241861105802,3.582e-05,GLD,Cryptopia,1527917390868
577,249.29394323,0.0030039920159215,1.205e-05,118.46679574,0.0042505886311512,3.588e-05,GLD,Cryptopia,1527917390868
578,167.02647993,0.0020059880239593,1.201e-05,313.07770499,0.011270797379639999,3.6e-05,GLD,Cryptopia,1527917390868
579,83.99866933,0.00100798403196,1.2e-05,50.02020307,0.0018132323612875,3.625e-05,GLD,Cryptopia,1527917390868
580,170.43228751,0.0020059880239927004,1.177e-05,89.91026955,0.003263742784665,3.63e-05,GLD,Cryptopia,1527917390868
581,551.9768973,0.006485728543275,1.175e-05,150.0,0.0054494999999999995,3.633e-05,GLD,Cryptopia,1527917390868
582,173.97988065,0.0020059880238945003,1.153e-05,300.0,0.010905000000000001,3.635e-05,GLD,Cryptopia,1527917390868
583,87.65078539,0.001007984031985,1.15e-05,514.88738656,0.01879338960944,3.65e-05,GLD,Cryptopia,1527917390868
584,177.52106407,0.002005988023991,1.13e-05,74.36691446,0.002718110723513,3.655e-05,GLD,Cryptopia,1527917390868
585,89.59858062,0.001007984031975,1.125e-05,25.55831733,0.0009354344142780001,3.66e-05,GLD,Cryptopia,1527917390868
586,102.89358615,0.0011493213572955,1.117e-05,30.40834057,0.0011135534316734,3.662e-05,GLD,Cryptopia,1527917390868
587,181.20939692,0.0020059880239044,1.107e-05,28.29979828,0.00104001758679,3.675e-05,GLD,Cryptopia,1527917390868
588,220.36784741,0.0024262499999841,1.101e-05,34.46790177,0.0012725549333483998,3.692e-05,GLD,Cryptopia,1527917390868
589,87.35801125,0.00096093812375,1.1e-05,161.12431256,0.0059567658353432,3.697e-05,GLD,Cryptopia,1527917390868
590,276.86562359,0.0030039920159514997,1.085e-05,1033.05699834,0.03822310893858,3.7e-05,GLD,Cryptopia,1527917390868
591,93.76595646,0.001007984031945,1.075e-05,110.03807751,0.004082412675621,3.71e-05,GLD,Cryptopia,1527917390868
592,282.59567413,0.0030039920160019004,1.063e-05,28.12418267,0.0010476258044575,3.725e-05,GLD,Cryptopia,1527917390868
593,106.73558543,0.001131397205558,1.06e-05,156.75,0.00586245,3.74e-05,GLD,Cryptopia,1527917390868
594,95.99847923,0.001007984031915,1.05e-05,508.49562373,0.0190380761524512,3.744e-05,GLD,Cryptopia,1527917390868
595,2385.27724665,0.024949999999959,1.046e-05,183.34847144,0.006875567678999999,3.75e-05,GLD,Cryptopia,1527917390868
596,288.29098042,0.0030039920159764,1.042e-05,20.0,0.0007501999999999999,3.751e-05,GLD,Cryptopia,1527917390868
597,98.33990555,0.0010079840318875,1.025e-05,26.44462939,0.0009982847594725,3.775e-05,GLD,Cryptopia,1527917390868
598,294.22056963,0.0030039920159223,1.021e-05,95.59425211,0.0036153746148002,3.782e-05,GLD,Cryptopia,1527917390868
599,425.09910249,0.0042552420159249005,1.001e-05,411.51670565,0.0156376348147,3.8e-05,GLD,Cryptopia,1527917390868
600,100.79840319,0.0010079840319000002,1e-05,83.29862557,0.0031811745105182997,3.819e-05,GLD,Cryptopia,1527917390868
601,9615.60436403,0.0042308659201732,4.4e-07,15186.99678904,0.0069860185229584,4.6e-07,CPN,Cryptopia,1527917391362
602,99566.87723864,0.0428137572126152,4.3e-07,44401.21930053,0.021312585264254398,4.8e-07,CPN,Cryptopia,1527917391362
603,1190.47619048,0.0005000000000016,4.2e-07,52662.08787626,0.025804423059367396,4.9e-07,CPN,Cryptopia,1527917391362
604,3003.74860036,0.0012315369261476,4.1e-07,75068.74885427,0.037534374427134996,5e-07,CPN,Cryptopia,1527917391362
605,29925.64870259,0.011970259481036,4e-07,3080.79493188,0.0015712054152588,5.1e-07,CPN,Cryptopia,1527917391362
606,94101.29778668,0.036699506136805206,3.9e-07,2999.57214492,0.0015597775153584,5.2e-07,CPN,Cryptopia,1527917391362
607,27825.34898942,0.0105736326159796,3.8e-07,9146.57540944,0.0048476849670032,5.3e-07,CPN,Cryptopia,1527917391362
608,19696.60678643,0.0072877445109791,3.7e-07,19488.88496847,0.0105239978829738,5.4e-07,CPN,Cryptopia,1527917391362
609,7792.193391,0.00280518962076,3.6e-07,55042.41149875,0.0302733263243125,5.5e-07,CPN,Cryptopia,1527917391362
610,18353.63558597,0.0064237724550895,3.5e-07,4831.07687396,0.0027054030494176,5.6e-07,CPN,Cryptopia,1527917391362
611,90727.27272727,0.029939999999999103,3.3e-07,12517.50072301,0.007134975412115701,5.7e-07,CPN,Cryptopia,1527917391362
612,64387.67626038,0.0199601796407178,3.1e-07,1422.3245816,0.000824948257328,5.8e-07,CPN,Cryptopia,1527917391362
613,20000.0,0.006,3e-07,6488.78204415,0.0038283814060484996,5.9e-07,CPN,Cryptopia,1527917391362
614,50510.8998031,0.014648160942898999,2.9e-07,28543.94671509,0.017126368029054,6e-07,CPN,Cryptopia,1527917391362
615,14285.71428571,0.0039999999999988005,2.8e-07,70226.9849139,0.042838460797479,6.1e-07,CPN,Cryptopia,1527917391362
616,112744.43705181,0.030440998003988702,2.7e-07,6068.92294816,0.0037627322278592,6.2e-07,CPN,Cryptopia,1527917391362
617,15000.0,0.0039,2.6e-07,8302.14568456,0.0052303517812728,6.3e-07,CPN,Cryptopia,1527917391362
618,20000.0,0.005,2.5e-07,8678.99885867,0.0055545592695488005,6.4e-07,CPN,Cryptopia,1527917391362
619,19126.39144498,0.0045903339467952,2.4e-07,4000.0,0.0026,6.5e-07,CPN,Cryptopia,1527917391362
620,47523.99961981,0.0099800399201601,2.1e-07,4024.188929,0.00265596469314,6.6e-07,CPN,Cryptopia,1527917391362
621,37544.91017964,0.007508982035927999,2e-07,8226.66141429,0.0055118631475743005,6.7e-07,CPN,Cryptopia,1527917391362
622,60408.60772621,0.011477635467979901,1.9e-07,66520.00114281,0.04523360077711079,6.8e-07,CPN,Cryptopia,1527917391362
623,46100.0,0.008298,1.8e-07,3000.0,0.00207,6.9e-07,CPN,Cryptopia,1527917391362
624,311875.0,0.0499,1.6e-07,990.81023507,0.0007331995739518,7.4e-07,CPN,Cryptopia,1527917391362
625,50000.0,0.0075,1.5e-07,4191.54775109,0.0031436608133175,7.5e-07,CPN,Cryptopia,1527917391362
626,71285.99942971,0.009980039920159401,1.4e-07,27533.5517454,0.020925499326504,7.6e-07,CPN,Cryptopia,1527917391362
627,55557.61324494,0.0072224897218422,1.3e-07,5894.0941276,0.004597393419528001,7.8e-07,CPN,Cryptopia,1527917391362
628,182666.18054799,0.0200932798602789,1.1e-07,9012.13932681,0.007209711461447999,8e-07,CPN,Cryptopia,1527917391362
629,55699.82035928,0.0055699820359279995,1e-07,1818.57822816,0.0014730483648095999,8.1e-07,CPN,Cryptopia,1527917391362
630,23386.86648924,0.0021048179840316003,9e-08,1004.1643357,0.000823414755274,8.2e-07,CPN,Cryptopia,1527917391362
631,114775.21178098,0.0091820169424784,8e-08,3910.71430354,0.0032850000149735998,8.4e-07,CPN,Cryptopia,1527917391362
632,53436.62646136,0.0037405638522952003,7e-08,13567.8540628,0.011532675953379999,8.5e-07,CPN,Cryptopia,1527917391362
633,34072.79973387,0.0020443679840322,6e-08,9074.85892863,0.0079858758571944,8.8e-07,CPN,Cryptopia,1527917391362
634,180325.15968064,0.009016257984032,5e-08,7898.98570753,0.007030097279701699,8.9e-07,CPN,Cryptopia,1527917391362
635,200204.1996008,0.008008167984032,4e-08,13437.35388902,0.012093618500118,9e-07,CPN,Cryptopia,1527917391362
636,183510.38522954,0.005505311556886199,3e-08,11037.50774871,0.0100441320513261,9.1e-07,CPN,Cryptopia,1527917391362
637,249700.5988024,0.004994011976048,2e-08,7759.01826312,0.007138296802070399,9.2e-07,CPN,Cryptopia,1527917391362
638,6601000.19960079,0.0660100019960079,1e-08,3325.71998859,0.0030929195893887,9.3e-07,CPN,Cryptopia,1527917391362
639,,,,47208.06117287,0.0443755775024978,9.4e-07,CPN,Cryptopia,1527917391362
640,,,,3477.89269945,0.0033039980644775,9.5e-07,CPN,Cryptopia,1527917391362
641,,,,6498.70439401,0.0063687303061298,9.8e-07,CPN,Cryptopia,1527917391362
642,,,,26649.85935378,0.0263833607602422,9.9e-07,CPN,Cryptopia,1527917391362
643,,,,10610.0,0.01061,1e-06,CPN,Cryptopia,1527917391362
644,,,,3000.0,0.0030900000000000003,1.03e-06,CPN,Cryptopia,1527917391362
645,,,,1320.0,0.0014123999999999999,1.07e-06,CPN,Cryptopia,1527917391362
646,,,,1880.84381179,0.0020313113167332,1.08e-06,CPN,Cryptopia,1527917391362
647,,,,5032.40805569,0.0056362970223728,1.12e-06,CPN,Cryptopia,1527917391362
648,,,,3020.10302188,0.0034127164147244,1.13e-06,CPN,Cryptopia,1527917391362
649,,,,36741.21138095,0.041884980974283004,1.14e-06,CPN,Cryptopia,1527917391362
650,,,,1758.7135,0.0020752819299999998,1.18e-06,CPN,Cryptopia,1527917391362
651,,,,8099.95282649,0.0096389438635231,1.19e-06,CPN,Cryptopia,1527917391362
652,,,,12993.0427464,0.01559165129568,1.2e-06,CPN,Cryptopia,1527917391362
653,,,,48514.78164232,0.0587028857872072,1.21e-06,CPN,Cryptopia,1527917391362
654,,,,22898.52437981,0.0279361997433682,1.22e-06,CPN,Cryptopia,1527917391362
655,,,,54801.25334916,0.0674055416194668,1.23e-06,CPN,Cryptopia,1527917391362
656,,,,18000.0,0.02268,1.26e-06,CPN,Cryptopia,1527917391362
657,,,,7760.40480503,0.0099333181504384,1.28e-06,CPN,Cryptopia,1527917391362
658,,,,22814.60182169,0.029658982368197,1.3e-06,CPN,Cryptopia,1527917391362
659,,,,32222.39731906,0.0422113404879686,1.31e-06,CPN,Cryptopia,1527917391362
660,,,,3827.0239486,0.005051671612152001,1.32e-06,CPN,Cryptopia,1527917391362
661,,,,63144.21133183,0.0839818010713339,1.33e-06,CPN,Cryptopia,1527917391362
662,,,,27578.57,0.0369552838,1.34e-06,CPN,Cryptopia,1527917391362
663,,,,1848.15554077,0.0024950099800395,1.35e-06,CPN,Cryptopia,1527917391362
664,,,,6896.77555458,0.009379614754228799,1.36e-06,CPN,Cryptopia,1527917391362
665,,,,500.0,0.00069,1.38e-06,CPN,Cryptopia,1527917391362
666,,,,3974.154,0.0055638156,1.4e-06,CPN,Cryptopia,1527917391362
667,,,,3530.97345133,0.0050139823008886,1.42e-06,CPN,Cryptopia,1527917391362
668,,,,7500.0,0.011025,1.47e-06,CPN,Cryptopia,1527917391362
669,,,,33659.26382529,0.0498157104614292,1.48e-06,CPN,Cryptopia,1527917391362
670,,,,10249.13184384,0.015271206447321599,1.49e-06,CPN,Cryptopia,1527917391362
671,,,,9307.0505568,0.013960575835200002,1.5e-06,CPN,Cryptopia,1527917391362
672,,,,348.32043332,0.0005259638543132,1.51e-06,CPN,Cryptopia,1527917391362
673,,,,697.90488952,0.0010608154320704,1.52e-06,CPN,Cryptopia,1527917391362
674,,,,6340.0,0.009827,1.55e-06,CPN,Cryptopia,1527917391362
675,,,,965.81031485,0.001506664091166,1.56e-06,CPN,Cryptopia,1527917391362
676,,,,1320.57918062,0.0020997208971858,1.59e-06,CPN,Cryptopia,1527917391362
677,,,,800.0,0.0012799999999999999,1.6e-06,CPN,Cryptopia,1527917391362
678,,,,623.75249501,0.0010042415169661,1.61e-06,CPN,Cryptopia,1527917391362
679,,,,7985.29264429,0.012936174083749799,1.62e-06,CPN,Cryptopia,1527917391362
680,,,,6356.37909583,0.0106787168809944,1.68e-06,CPN,Cryptopia,1527917391362
681,,,,7500.0,0.012750000000000001,1.7e-06,CPN,Cryptopia,1527917391362
682,,,,12165.88587531,0.020803664846780097,1.71e-06,CPN,Cryptopia,1527917391362
683,,,,4808.91835497,0.0084156071211975,1.75e-06,CPN,Cryptopia,1527917391362
684,,,,1153.63469134,0.0020419334036718,1.77e-06,CPN,Cryptopia,1527917391362
685,,,,286563.2183908,0.510082528735624,1.78e-06,CPN,Cryptopia,1527917391362
686,,,,6949.12720883,0.012508428975894,1.8e-06,CPN,Cryptopia,1527917391362
687,,,,404.78925869,0.0007569559137503,1.87e-06,CPN,Cryptopia,1527917391362
688,,,,24186.85958085,0.045471296011998,1.88e-06,CPN,Cryptopia,1527917391362
689,,,,2210.0,0.0041769,1.89e-06,CPN,Cryptopia,1527917391362
690,,,,5400.0,0.01026,1.9e-06,CPN,Cryptopia,1527917391362
691,,,,1134.09544547,0.0021774632553023996,1.92e-06,CPN,Cryptopia,1527917391362
692,,,,400.0,0.000776,1.94e-06,CPN,Cryptopia,1527917391362
693,,,,273.15050052,0.000532643476014,1.95e-06,CPN,Cryptopia,1527917391362
694,,,,1680.312844,0.00329341317424,1.96e-06,CPN,Cryptopia,1527917391362
695,,,,13245.30551197,0.02649061102394,2e-06,CPN,Cryptopia,1527917391362
696,,,,400.0,0.000812,2.03e-06,CPN,Cryptopia,1527917391362
697,,,,5000.0,0.01045,2.09e-06,CPN,Cryptopia,1527917391362
698,,,,6239.23882195,0.013102401526094999,2.1e-06,CPN,Cryptopia,1527917391362
699,,,,988.12276437,0.0020849390328207,2.11e-06,CPN,Cryptopia,1527917391362
700,,,,1505.96875773,0.0032077134539649,2.13e-06,CPN,Cryptopia,1527917391362
701,4414.78385943,0.0097566723293403,2.21e-06,373.41058643,0.0008588443487890001,2.3e-06,GAP,Cryptopia,1527917391896
702,24056.8460148,0.05292506123256001,2.2e-06,2281.96348499,0.005271335650326899,2.31e-06,GAP,Cryptopia,1527917391896
703,998.0,0.00216566,2.17e-06,287.65292682,0.0007133792585136001,2.48e-06,GAP,Cryptopia,1527917391896
704,3543.04354254,0.0076529740518864004,2.16e-06,204.08570614,0.0005122551224114,2.51e-06,GAP,Cryptopia,1527917391896
705,487.39729843,0.0010479041916245,2.15e-06,197.248,0.00050100992,2.54e-06,GAP,Cryptopia,1527917391896
706,1997.0,0.00427358,2.14e-06,826.38438813,0.0021072801897315,2.55e-06,GAP,Cryptopia,1527917391896
707,3959.53111187,0.0084338012682831,2.13e-06,224.21972199,0.0005762446855143,2.57e-06,GAP,Cryptopia,1527917391896
708,12100.0,0.025652,2.12e-06,300.0,0.000777,2.59e-06,GAP,Cryptopia,1527917391896
709,700.0,0.001477,2.11e-06,385.39,0.001002014,2.6e-06,GAP,Cryptopia,1527917391896
710,1999.0,0.004197899999999999,2.1e-06,238.6753384,0.0006253293866079999,2.62e-06,GAP,Cryptopia,1527917391896
711,2323.91900471,0.0048569907198439,2.09e-06,190.498,0.0005010097399999999,2.63e-06,GAP,Cryptopia,1527917391896
712,8998.0,0.01871584,2.08e-06,881.58988146,0.0023273972870544004,2.64e-06,GAP,Cryptopia,1527917391896
713,5108.79294955,0.010575201405568502,2.07e-06,1820.30269427,0.0048420051667582,2.66e-06,GAP,Cryptopia,1527917391896
714,4999.0,0.010247949999999999,2.05e-06,250.0,0.00067,2.68e-06,GAP,Cryptopia,1527917391896
715,399.44514911,0.0008108736526933,2.03e-06,723.40061403,0.0019459476517407002,2.69e-06,GAP,Cryptopia,1527917391896
716,7937.61382186,0.0160339799201572,2.02e-06,350.92292542,0.0009755657326676,2.78e-06,GAP,Cryptopia,1527917391896
717,3000.0,0.00603,2.01e-06,903.79294303,0.002530620240484,2.8e-06,GAP,Cryptopia,1527917391896
718,15000.0,0.03,2e-06,346.717,0.00100201213,2.89e-06,GAP,Cryptopia,1527917391896
719,1000.0,0.00198,1.98e-06,2000.0,0.0058000000000000005,2.9e-06,GAP,Cryptopia,1527917391896
720,306.35407458,0.0005943269046852,1.94e-06,231.66023167,0.0006741312741597001,2.91e-06,GAP,Cryptopia,1527917391896
721,19997.0,0.03619457,1.81e-06,168.69,0.0005010093,2.97e-06,GAP,Cryptopia,1527917391896
722,47719.66622311,0.085895399201598,1.8e-06,1998.0,0.00595404,2.98e-06,GAP,Cryptopia,1527917391896
723,4997.0,0.00829502,1.66e-06,459.9078341,0.001375124423959,2.99e-06,GAP,Cryptopia,1527917391896
724,2619.90564326,0.004322844311379,1.65e-06,1482.68368145,0.00444805104435,3e-06,GAP,Cryptopia,1527917391896
725,9998.0,0.01619676,1.62e-06,332.895,0.0010020139499999998,3.01e-06,GAP,Cryptopia,1527917391896
726,9298.17383866,0.014970059880242598,1.61e-06,9551.30276342,0.0288449343455284,3.02e-06,GAP,Cryptopia,1527917391896
727,7998.0,0.01231692,1.54e-06,328.529,0.00100201345,3.05e-06,GAP,Cryptopia,1527917391896
728,405.14996497,0.0006117764471046999,1.51e-06,316.092,0.00100201164,3.17e-06,GAP,Cryptopia,1527917391896
729,522.16899534,0.00078325349301,1.5e-06,200.0,0.000672,3.36e-06,GAP,Cryptopia,1527917391896
730,1000.0,0.0014500000000000001,1.45e-06,148.228,0.00050101064,3.38e-06,GAP,Cryptopia,1527917391896
731,379.0,0.00050407,1.33e-06,777.0,0.0026340300000000003,3.39e-06,GAP,Cryptopia,1527917391896
732,379.0,0.00050028,1.32e-06,294.71,0.0010020139999999999,3.4e-06,GAP,Cryptopia,1527917391896
733,997.0,0.00127616,1.28e-06,997.0,0.00339977,3.41e-06,GAP,Cryptopia,1527917391896
734,5766.51259386,0.0072658058682636,1.26e-06,292.132,0.00100201276,3.43e-06,GAP,Cryptopia,1527917391896
735,2400.0,0.003,1.25e-06,16016.0643016,0.055095261197504,3.44e-06,GAP,Cryptopia,1527917391896
736,29999.0,0.03239892,1.08e-06,560.0,0.001932,3.45e-06,GAP,Cryptopia,1527917391896
737,49938.38305925,0.0534340698733975,1.07e-06,143.146,0.000501011,3.5e-06,GAP,Cryptopia,1527917391896
738,1998.0,0.00211788,1.06e-06,1997.0,0.00710932,3.56e-06,GAP,Cryptopia,1527917391896
739,3801.91996958,0.003992015968058999,1.05e-06,997.98765432,0.0035628159259224004,3.57e-06,GAP,Cryptopia,1527917391896
740,565.0,0.0005876,1.04e-06,2513.21845157,0.008997322056620601,3.58e-06,GAP,Cryptopia,1527917391896
741,27998.0,0.028837940000000003,1.03e-06,279.112,0.0010020120800000002,3.59e-06,GAP,Cryptopia,1527917391896
742,14676.52929435,0.014970059880237,1.02e-06,302.46324742,0.001088867690712,3.6e-06,GAP,Cryptopia,1527917391896
743,7737.9893678,0.007815369261478,1.01e-06,138.784,0.00050101024,3.61e-06,GAP,Cryptopia,1527917391896
744,367900.0,0.3679,1e-06,1222.04570451,0.0044238054503262,3.62e-06,GAP,Cryptopia,1527917391896
745,9721.91331622,0.009527475049895599,9.8e-07,142.39539519,0.0005168952845396999,3.63e-06,GAP,Cryptopia,1527917391896
746,998.0,0.0009481,9.5e-07,275.278,0.0010020119200000001,3.64e-06,GAP,Cryptopia,1527917391896
747,861.70212766,0.0008100000000004,9.4e-07,450.0,0.0016425,3.65e-06,GAP,Cryptopia,1527917391896
748,3997.0,0.0036372699999999997,9.1e-07,998.0,0.0036826199999999997,3.69e-06,GAP,Cryptopia,1527917391896
749,144.44444444,0.00012999999999600001,9e-07,1700.0,0.006307,3.71e-06,GAP,Cryptopia,1527917391896
750,80.0,6.4e-05,8e-07,267.203,0.00100201125,3.75e-06,GAP,Cryptopia,1527917391896
751,747.02116323,0.0005527956607901999,7.4e-07,1021.76535817,0.0038418377467192002,3.76e-06,GAP,Cryptopia,1527917391896
752,19998.0,0.01459854,7.3e-07,474.22589532,0.0017925738843096,3.78e-06,GAP,Cryptopia,1527917391896
753,13888.88888889,0.0100000000000008,7.2e-07,253.04,0.0010020384,3.96e-06,GAP,Cryptopia,1527917391896
754,80.0,5.6e-05,7e-07,700.0,0.0027790000000000002,3.97e-06,GAP,Cryptopia,1527917391896
755,80.0,5.04e-05,6.3e-07,2999.0,0.01193602,3.98e-06,GAP,Cryptopia,1527917391896
756,127.03703704,6.86000000016e-05,5.4e-07,1500.0,0.005985,3.99e-06,GAP,Cryptopia,1527917391896
757,39997.0,0.02119841,5.3e-07,1306.88140957,0.005227525638279999,4e-06,GAP,Cryptopia,1527917391896
758,28788.57669277,0.014970059880240399,5.2e-07,17420.5635191,0.071250104793119,4.09e-06,GAP,Cryptopia,1527917391896
759,327.03703704,0.0001438962962976,4.4e-07,244.393,0.0010020113,4.1e-06,GAP,Cryptopia,1527917391896
760,30000.0,0.0129,4.3e-07,800.0,0.0032879999999999997,4.11e-06,GAP,Cryptopia,1527917391896
761,23809.52380952,0.0099999999999984,4.2e-07,408.14340404,0.0016815508246448001,4.12e-06,GAP,Cryptopia,1527917391896
762,10000.0,0.004,4e-07,474.59,0.0019648026,4.14e-06,GAP,Cryptopia,1527917391896
763,627.03703704,0.00021319259259359996,3.4e-07,999.0,0.00414585,4.15e-06,GAP,Cryptopia,1527917391896
764,1627.03703704,0.0003904888888896,2.4e-07,1414.34449468,0.0058836730978688,4.16e-06,GAP,Cryptopia,1527917391896
765,999999.0,0.14999985,1.5e-07,4629.1661,0.019303622637,4.17e-06,GAP,Cryptopia,1527917391896
766,38341.32275133,0.0053677851851862005,1.4e-07,700.0,0.0029259999999999998,4.18e-06,GAP,Cryptopia,1527917391896
767,40000.0,0.004,1e-07,924.29064697,0.0038727778108042996,4.19e-06,GAP,Cryptopia,1527917391896
768,5627.03703704,0.0003938925925928,7e-08,14228.0369072,0.05975775501023999,4.2e-06,GAP,Cryptopia,1527917391896
769,1290000.0,0.0129,1e-08,118.723,0.0005010110600000001,4.22e-06,GAP,Cryptopia,1527917391896
770,,,,307.534,0.00130394416,4.24e-06,GAP,Cryptopia,1527917391896
771,,,,712.78423215,0.0031148670944955,4.37e-06,GAP,Cryptopia,1527917391896
772,,,,997.97,0.0043810883000000005,4.39e-06,GAP,Cryptopia,1527917391896
773,,,,1000.0,0.0044,4.4e-06,GAP,Cryptopia,1527917391896
774,,,,214.61763206,0.0009464637573846001,4.41e-06,GAP,Cryptopia,1527917391896
775,,,,0.20420896,9.026036032e-07,4.42e-06,GAP,Cryptopia,1527917391896
776,,,,900.0,0.004032,4.48e-06,GAP,Cryptopia,1527917391896
777,,,,2500.0,0.01125,4.5e-06,GAP,Cryptopia,1527917391896
778,,,,111.77276166,0.0005175078864858,4.63e-06,GAP,Cryptopia,1527917391896
779,,,,122.56123948,0.0005980988486623999,4.88e-06,GAP,Cryptopia,1527917391896
780,,,,623.17570013,0.0030473291736356997,4.89e-06,GAP,Cryptopia,1527917391896
781,,,,617.61771058,0.0030263267818419998,4.9e-06,GAP,Cryptopia,1527917391896
782,,,,499.10329317,0.0024805433670549,4.97e-06,GAP,Cryptopia,1527917391896
783,,,,666.15587035,0.0033174562343429997,4.98e-06,GAP,Cryptopia,1527917391896
784,,,,405.14968487,0.00202574842435,5e-06,GAP,Cryptopia,1527917391896
785,,,,4998.0,0.02533986,5.07e-06,GAP,Cryptopia,1527917391896
786,,,,2019.33937443,0.010500564747036,5.2e-06,GAP,Cryptopia,1527917391896
787,,,,500.0,0.002645,5.29e-06,GAP,Cryptopia,1527917391896
788,,,,94.82308111,0.0005073034839385,5.35e-06,GAP,Cryptopia,1527917391896
789,,,,308.70994799,0.0016701208186259,5.41e-06,GAP,Cryptopia,1527917391896
790,,,,1000.0,0.00549,5.49e-06,GAP,Cryptopia,1527917391896
791,,,,1500.0,0.00825,5.5e-06,GAP,Cryptopia,1527917391896
792,,,,1702.12765957,0.0094638297872092,5.56e-06,GAP,Cryptopia,1527917391896
793,,,,128.75536481,0.0007236051502322,5.62e-06,GAP,Cryptopia,1527917391896
794,,,,379.19399297,0.0021576138199993,5.69e-06,GAP,Cryptopia,1527917391896
795,,,,867.0,0.00501126,5.78e-06,GAP,Cryptopia,1527917391896
796,,,,1000.0,0.006,6e-06,GAP,Cryptopia,1527917391896
797,,,,1000.0,0.00601,6.01e-06,GAP,Cryptopia,1527917391896
798,,,,650.0,0.003978,6.12e-06,GAP,Cryptopia,1527917391896
799,,,,1000.0,0.00621,6.21e-06,GAP,Cryptopia,1527917391896
800,,,,97.68451523,0.0006329956586904,6.48e-06,GAP,Cryptopia,1527917391896
801,2530.86419753,0.0040999999999986,1.62e-06,1134.16515054,0.0022456469980692,1.98e-06,KED,Cryptopia,1527917392282
802,3000.0,0.004350000000000001,1.45e-06,15000.0,0.02985,1.99e-06,KED,Cryptopia,1527917392282
803,1947.87652939,0.0027659846717338,1.42e-06,1450.34671591,0.00290069343182,2e-06,KED,Cryptopia,1527917392282
804,681.34897524,0.0009607020550884,1.41e-06,254.4334628,0.0005444876103919999,2.14e-06,KED,Cryptopia,1527917392282
805,2159.87237121,0.003023821319694,1.4e-06,103942.00918,0.223475319737,2.15e-06,KED,Cryptopia,1527917392282
806,1003.33527882,0.0013745693319834,1.37e-06,689.655,0.00151034445,2.19e-06,KED,Cryptopia,1527917392282
807,417.78340594,0.0005681854320784,1.36e-06,22813.16215815,0.05018895674793,2.2e-06,KED,Cryptopia,1527917392282
808,21294.82374522,0.028748012056047,1.35e-06,5000.0,0.011200000000000002,2.24e-06,KED,Cryptopia,1527917392282
809,1819.0377674,0.0023829394752939996,1.31e-06,84019.80941802,0.189044571190545,2.25e-06,KED,Cryptopia,1527917392282
810,2561.76866369,0.003330299262797,1.3e-06,13295.44282824,0.0316431539312112,2.38e-06,KED,Cryptopia,1527917392282
811,9834.72924924,0.012686800731519598,1.29e-06,30000.0,0.0735,2.45e-06,KED,Cryptopia,1527917392282
812,2019.93784509,0.0025855204417152,1.28e-06,10000.0,0.0269,2.69e-06,KED,Cryptopia,1527917392282
813,11142.60080503,0.013928251006287503,1.25e-06,7965.66273676,0.021507289389252,2.7e-06,KED,Cryptopia,1527917392282
814,819.67213115,0.001000000000003,1.22e-06,25743.6914251,0.070795151419025,2.75e-06,KED,Cryptopia,1527917392282
815,20000.0,0.024,1.2e-06,2951.76996111,0.0086782036856634,2.94e-06,KED,Cryptopia,1527917392282
816,7789.68358184,0.008958136119116,1.15e-06,162.51201768,0.0005005370144544,3.08e-06,KED,Cryptopia,1527917392282
817,4163.48384312,0.004621467065863199,1.11e-06,1000.0,0.00309,3.09e-06,KED,Cryptopia,1527917392282
818,9778.72639375,0.010756599033125,1.1e-06,16831.35514685,0.052177200955235,3.1e-06,KED,Cryptopia,1527917392282
819,943.39622642,0.0010000000000051999,1.06e-06,35965.7020279,0.111853333306769,3.11e-06,KED,Cryptopia,1527917392282
820,11660.0,0.012242999999999999,1.05e-06,10000.0,0.031599999999999996,3.16e-06,KED,Cryptopia,1527917392282
821,50000.0,0.051500000000000004,1.03e-06,6102.54953975,0.0193450820410075,3.17e-06,KED,Cryptopia,1527917392282
822,26956.86274509,0.027495999999991798,1.02e-06,785.40717323,0.0024975948108714,3.18e-06,KED,Cryptopia,1527917392282
823,10000.0,0.01,1e-06,264.17734639,0.0008691434696231,3.29e-06,KED,Cryptopia,1527917392282
824,2422.32202262,0.0023254291417152,9.6e-07,156.38239191,0.000516061893303,3.3e-06,KED,Cryptopia,1527917392282
825,10000.0,0.0095,9.5e-07,707.80424966,0.0023499101088712,3.32e-06,KED,Cryptopia,1527917392282
826,31202.97969412,0.0290187711155316,9.3e-07,166.14611309,0.0005599124011133,3.37e-06,KED,Cryptopia,1527917392282
827,2741.76920883,0.0024950099800352997,9.1e-07,182.43083725,0.0006166162299049999,3.38e-06,KED,Cryptopia,1527917392282
828,10520.93000056,0.009468837000503999,9e-07,10079.05039021,0.0341679808228119,3.39e-06,KED,Cryptopia,1527917392282
829,2872.55041271,0.0025278443631848,8.8e-07,54515.68342411,0.18535332364197402,3.4e-06,KED,Cryptopia,1527917392282
830,3000.0,0.00255,8.5e-07,1435.5526132,0.005010078620068,3.49e-06,KED,Cryptopia,1527917392282
831,30000.0,0.0246,8.2e-07,17371.68761166,0.06080090664081,3.5e-06,KED,Cryptopia,1527917392282
832,3716.20948621,0.0029729675889679998,8e-07,233.15474315,0.0008183731484565,3.51e-06,KED,Cryptopia,1527917392282
833,11645.3874653,0.009199856097587,7.9e-07,12000.0,0.04248,3.54e-06,KED,Cryptopia,1527917392282
834,758.95386637,0.0005692153997775,7.5e-07,176.86146694,0.0006313954369758,3.57e-06,KED,Cryptopia,1527917392282
835,1046.46723898,0.0007743857568452001,7.4e-07,16056.21564442,0.0574812520070236,3.58e-06,KED,Cryptopia,1527917392282
836,14608.01592644,0.0106638516263012,7.3e-07,9980.03992016,0.035828343313374394,3.59e-06,KED,Cryptopia,1527917392282
837,9043.1180232,0.006511044976704,7.2e-07,20000.0,0.072,3.6e-06,KED,Cryptopia,1527917392282
838,1405.63942537,0.0009980039920127,7.1e-07,201.34228188,0.0007288590604056,3.62e-06,KED,Cryptopia,1527917392282
839,5027.11719418,0.003518982035926,7e-07,154.31122027,0.0005632359539855,3.65e-06,KED,Cryptopia,1527917392282
840,4468.67459112,0.0029940119760503998,6.7e-07,1251.0,0.0046287,3.7e-06,KED,Cryptopia,1527917392282
841,88779.60745176,0.05859454091816161,6.6e-07,400.0,0.0015119999999999999,3.78e-06,KED,Cryptopia,1527917392282
842,1515.38461538,0.000984999999997,6.5e-07,1000.0,0.0039,3.9e-06,KED,Cryptopia,1527917392282
843,19000.0,0.01178,6.2e-07,1272.0,0.00501168,3.94e-06,KED,Cryptopia,1527917392282
844,50.0,2.9999999999999997e-05,6e-07,20000.0,0.079,3.95e-06,KED,Cryptopia,1527917392282
845,1919.23844618,0.0009980039920136,5.2e-07,130.0,0.0005174,3.98e-06,KED,Cryptopia,1527917392282
846,7416.03068373,0.0037821756487023002,5.1e-07,3610.52702288,0.0144060028212912,3.99e-06,KED,Cryptopia,1527917392282
847,10000.0,0.0025,2.5e-07,6339.0,0.025356,4e-06,KED,Cryptopia,1527917392282
848,4536.38178189,0.0009980039920158,2.2e-07,1377.45785026,0.005647577186065999,4.1e-06,KED,Cryptopia,1527917392282
849,8316.69993347,0.0009980039920164,1.2e-07,124.12636956,0.000515124433674,4.15e-06,KED,Cryptopia,1527917392282
850,9980.03992016,0.0009980039920159999,1e-07,5000.0,0.0208,4.16e-06,KED,Cryptopia,1527917392282
851,19960.07984032,0.0009980039920159999,5e-08,600.0,0.002502,4.17e-06,KED,Cryptopia,1527917392282
852,49900.1996008,0.000998003992016,2e-08,150.0,0.000627,4.18e-06,KED,Cryptopia,1527917392282
853,199800.3992016,0.001998003992016,1e-08,2100.54365307,0.008822283342893998,4.2e-06,KED,Cryptopia,1527917392282
854,,,,40000.0,0.17,4.25e-06,KED,Cryptopia,1527917392282
855,,,,4718.01527239,0.020287465671277,4.3e-06,KED,Cryptopia,1527917392282
856,,,,5000.0,0.021900000000000003,4.38e-06,KED,Cryptopia,1527917392282
857,,,,1141.3,0.005010307,4.39e-06,KED,Cryptopia,1527917392282
858,,,,22000.0,0.09680000000000001,4.4e-06,KED,Cryptopia,1527917392282
859,,,,120.0,0.00054,4.5e-06,KED,Cryptopia,1527917392282
860,,,,3708.18652711,0.017057658024706,4.6e-06,KED,Cryptopia,1527917392282
861,,,,2436.86893348,0.011696970880704,4.8e-06,KED,Cryptopia,1527917392282
862,,,,20000.0,0.099,4.95e-06,KED,Cryptopia,1527917392282
863,,,,101.0,0.00050298,4.98e-06,KED,Cryptopia,1527917392282
864,,,,14378.44688095,0.07189223440475,5e-06,KED,Cryptopia,1527917392282
865,,,,2500.0,0.013000000000000001,5.2e-06,KED,Cryptopia,1527917392282
866,,,,959.9,0.005068272,5.28e-06,KED,Cryptopia,1527917392282
867,,,,10000.0,0.053,5.3e-06,KED,Cryptopia,1527917392282
868,,,,1515.0,0.00816585,5.39e-06,KED,Cryptopia,1527917392282
869,,,,107.55848488,0.0005904960819912,5.49e-06,KED,Cryptopia,1527917392282
870,,,,121.26007499,0.0006669304124450001,5.5e-06,KED,Cryptopia,1527917392282
871,,,,650.0,0.0035945000000000005,5.53e-06,KED,Cryptopia,1527917392282
872,,,,20000.0,0.111,5.55e-06,KED,Cryptopia,1527917392282
873,,,,1011.5078933,0.00566444420248,5.6e-06,KED,Cryptopia,1527917392282
874,,,,3013.1872178,0.017054639652747998,5.66e-06,KED,Cryptopia,1527917392282
875,,,,1001.0,0.00575575,5.75e-06,KED,Cryptopia,1527917392282
876,,,,700.0,0.004032,5.76e-06,KED,Cryptopia,1527917392282
877,,,,12205.58860827,0.072012972788793,5.9e-06,KED,Cryptopia,1527917392282
878,,,,100.83924502,0.0005999935078690001,5.95e-06,KED,Cryptopia,1527917392282
879,,,,84.0,0.00050232,5.98e-06,KED,Cryptopia,1527917392282
880,,,,4797.54382539,0.02878526295234,6e-06,KED,Cryptopia,1527917392282
881,,,,2312.50353132,0.013990646364486,6.05e-06,KED,Cryptopia,1527917392282
882,,,,1000.0,0.006229999999999999,6.23e-06,KED,Cryptopia,1527917392282
883,,,,299.75384919,0.0019454024812430998,6.49e-06,KED,Cryptopia,1527917392282
884,,,,10620.0,0.06903,6.5e-06,KED,Cryptopia,1527917392282
885,,,,6225.13659249,0.0407746446808095,6.55e-06,KED,Cryptopia,1527917392282
886,,,,10213.1119579,0.06842785011793001,6.7e-06,KED,Cryptopia,1527917392282
887,,,,79.27726636,0.000539085411248,6.8e-06,KED,Cryptopia,1527917392282
888,,,,550.0,0.0037675,6.85e-06,KED,Cryptopia,1527917392282
889,,,,584.00122831,0.00408800859817,7e-06,KED,Cryptopia,1527917392282
890,,,,82.22377274,0.0005862554996362001,7.13e-06,KED,Cryptopia,1527917392282
891,,,,1500.0,0.01071,7.14e-06,KED,Cryptopia,1527917392282
892,,,,1383.98343649,0.0100200400801876,7.24e-06,KED,Cryptopia,1527917392282
893,,,,1000.0,0.00746,7.46e-06,KED,Cryptopia,1527917392282
894,,,,2899.72891682,0.02174796687615,7.5e-06,KED,Cryptopia,1527917392282
895,,,,81.0,0.0006399,7.9e-06,KED,Cryptopia,1527917392282
896,,,,1050.0,0.008379,7.98e-06,KED,Cryptopia,1527917392282
897,,,,500.0,0.004,8e-06,KED,Cryptopia,1527917392282
898,,,,10000.0,0.08199999999999999,8.2e-06,KED,Cryptopia,1527917392282
899,,,,588.79291564,0.004881093270655601,8.29e-06,KED,Cryptopia,1527917392282
900,,,,15061.68561459,0.125011990601097,8.3e-06,KED,Cryptopia,1527917392282
901,18540121.45251367,8.343054653631151,4.5e-07,9686302.30592554,4.455699060725749,4.6e-07,DOGE,Cryptopia,1527917392580
902,17314021.90576494,7.618169638536575,4.4e-07,3615165.14792515,1.6991276195248206,4.7e-07,DOGE,Cryptopia,1527917392580
903,5381172.26545256,2.313904074144601,4.3e-07,4269551.88957046,2.0493849069938204,4.8e-07,DOGE,Cryptopia,1527917392580
904,3559089.91293752,1.4948177634337585,4.2e-07,4810812.67404718,2.357298210283118,4.9e-07,DOGE,Cryptopia,1527917392580
905,1162345.36267253,0.47656159869573733,4.1e-07,1807006.0501173,0.9035030250586499,5e-07,DOGE,Cryptopia,1527917392580
906,1544000.17264532,0.6176000690581279,4e-07,2404071.18768711,1.2260763057204263,5.1e-07,DOGE,Cryptopia,1527917392580
907,957110.49008932,0.3732730911348348,3.9e-07,9501782.85722785,4.940927085758482,5.2e-07,DOGE,Cryptopia,1527917392580
908,1743364.901022,0.6624786623883601,3.8e-07,6578670.95516213,3.486695606235929,5.3e-07,DOGE,Cryptopia,1527917392580
909,270664.82456149,0.1001459850877513,3.7e-07,1251798.37538846,0.6759711227097684,5.4e-07,DOGE,Cryptopia,1527917392580
910,146978.89278363,0.0529124014021068,3.6e-07,3302818.95153238,1.8165504233428091,5.5e-07,DOGE,Cryptopia,1527917392580
911,863449.05230251,0.3022071683058785,3.5e-07,2304269.70859099,1.2903910368109544,5.6e-07,DOGE,Cryptopia,1527917392580
912,386500.89707818,0.13141030500658119,3.4e-07,782835.6595611,0.446216325949827,5.7e-07,DOGE,Cryptopia,1527917392580
913,146995.27944112,0.048508442215569596,3.3e-07,2589285.18438628,1.5017854069440422,5.8e-07,DOGE,Cryptopia,1527917392580
914,169974.2674027,0.054391765568864,3.2e-07,2114695.11814912,1.2476701197079807,5.9e-07,DOGE,Cryptopia,1527917392580
915,320510.77687022,0.0993583408297682,3.1e-07,2628834.52477982,1.577300714867892,6e-07,DOGE,Cryptopia,1527917392580
916,2770468.88922156,0.831140666766468,3e-07,1225804.96492041,0.7477410286014501,6.1e-07,DOGE,Cryptopia,1527917392580
917,242844.11163222,0.0704247923733438,2.9e-07,1481379.97688253,0.9184555856671686,6.2e-07,DOGE,Cryptopia,1527917392580
918,267371.54262903,0.07486403193612841,2.8e-07,2468621.7831075,1.555231723357725,6.3e-07,DOGE,Cryptopia,1527917392580
919,107470.57968719,0.0290170565155413,2.7e-07,1752722.81736554,1.1217426031139457,6.4e-07,DOGE,Cryptopia,1527917392580
920,444489.17257791,0.1155671848702566,2.6e-07,1172006.35179376,0.761804128665944,6.5e-07,DOGE,Cryptopia,1527917392580
921,1507608.0829769,0.376902020744225,2.5e-07,1803822.60698374,1.1905229206092685,6.6e-07,DOGE,Cryptopia,1527917392580
922,1072759.85528719,0.2574623652689256,2.4e-07,612242.34221488,0.41020236928396964,6.7e-07,DOGE,Cryptopia,1527917392580
923,2105971.480961,0.48437344062103,2.3e-07,947220.8754209,0.6441101952862119,6.8e-07,DOGE,Cryptopia,1527917392580
924,3911179.80438973,0.8604595569657406,2.2e-07,1223158.45066512,0.8439793309589327,6.9e-07,DOGE,Cryptopia,1527917392580
925,1692480.47484861,0.3554208997182081,2.1e-07,5499325.49927441,3.849527849492087,7e-07,DOGE,Cryptopia,1527917392580
926,1737830.18795742,0.34756603759148397,2e-07,1097587.42638996,0.7792870727368717,7.1e-07,DOGE,Cryptopia,1527917392580
927,4640351.98362306,0.8816668768883815,1.9e-07,1106848.74572987,0.7969310969255063,7.2e-07,DOGE,Cryptopia,1527917392580
928,6647334.83745841,1.1965202707425138,1.8e-07,959095.43727876,0.7001396692134948,7.3e-07,DOGE,Cryptopia,1527917392580
929,2273304.4023718,0.38646174840320596,1.7e-07,667888.46047164,0.4942374607490136,7.4e-07,DOGE,Cryptopia,1527917392580
930,1140678.05089821,0.1825084881437136,1.6e-07,2988995.1442768,2.2417463582076,7.5e-07,DOGE,Cryptopia,1527917392580
931,4066347.84319287,0.6099521764789304,1.5e-07,483596.28472029,0.3675331763874204,7.6e-07,DOGE,Cryptopia,1527917392580
932,889599.89265754,0.12454398497205561,1.4e-07,1115763.46070568,0.8591378647433737,7.7e-07,DOGE,Cryptopia,1527917392580
933,751670.97873454,0.0977172272354902,1.3e-07,2029686.87859305,1.583155765302579,7.8e-07,DOGE,Cryptopia,1527917392580
934,608256.77042582,0.0729908124510984,1.2e-07,637357.07238278,0.5035120871823962,7.9e-07,DOGE,Cryptopia,1527917392580
935,1294225.61839956,0.1423648180239516,1.1e-07,2496372.26314554,1.9970978105164319,8e-07,DOGE,Cryptopia,1527917392580
936,3634646.81105788,0.363464681105788,1e-07,158768.12197958,0.12860217880345978,8.1e-07,DOGE,Cryptopia,1527917392580
937,1721004.42213353,0.1548903979920177,9e-08,687479.313439,0.56373303701998,8.2e-07,DOGE,Cryptopia,1527917392580
938,1136443.1499002,0.090915451992016,8e-08,982965.28074781,0.8158611830206823,8.3e-07,DOGE,Cryptopia,1527917392580
939,1257292.85708584,0.08801049999600881,7e-08,953572.25417193,0.8010006935044213,8.4e-07,DOGE,Cryptopia,1527917392580
940,1268253.66666667,0.0760952200000002,6e-08,1881570.97207204,1.599335326261234,8.5e-07,DOGE,Cryptopia,1527917392580
941,10269604.08359281,0.5134802041796405,5e-08,1227060.7267466,1.0552722250020758,8.6e-07,DOGE,Cryptopia,1527917392580
942,2225862.43839366,0.0890344975357464,4e-08,736666.54819936,0.6408998969334433,8.7e-07,DOGE,Cryptopia,1527917392580
943,3346237.18715902,0.1003871156147706,3e-08,4502601.17600738,3.9622890348864943,8.8e-07,DOGE,Cryptopia,1527917392580
944,10434180.70028336,0.2086836140056672,2e-08,556322.4010093,0.49512693689827697,8.9e-07,DOGE,Cryptopia,1527917392580
945,1297486442.6200855,12.974864426200854,1e-08,2816933.68315187,2.535240314836683,9e-07,DOGE,Cryptopia,1527917392580
946,,,,624914.53443674,0.5686722263374334,9.1e-07,DOGE,Cryptopia,1527917392580
947,,,,1311827.18470106,1.2068810099249752,9.2e-07,DOGE,Cryptopia,1527917392580
948,,,,721575.6700248,0.671065373123064,9.3e-07,DOGE,Cryptopia,1527917392580
949,,,,333537.41506596,0.31352517016200243,9.4e-07,DOGE,Cryptopia,1527917392580
950,,,,1218962.45738412,1.158014334514914,9.5e-07,DOGE,Cryptopia,1527917392580
951,,,,296959.08633654,0.2850807228830784,9.6e-07,DOGE,Cryptopia,1527917392580
952,,,,869159.46680921,0.8430846828049338,9.7e-07,DOGE,Cryptopia,1527917392580
953,,,,1586931.31314719,1.555192686884246,9.8e-07,DOGE,Cryptopia,1527917392580
954,,,,5996092.91290843,5.9361319837793465,9.9e-07,DOGE,Cryptopia,1527917392580
955,,,,7246156.6136199,7.2461566136199,1e-06,DOGE,Cryptopia,1527917392580
956,,,,787752.44618358,0.7956299706454159,1.01e-06,DOGE,Cryptopia,1527917392580
957,,,,547153.80463353,0.5580968807262006,1.02e-06,DOGE,Cryptopia,1527917392580
958,,,,242196.91578218,0.24946282325564542,1.03e-06,DOGE,Cryptopia,1527917392580
959,,,,522067.65568548,0.5429503619128991,1.04e-06,DOGE,Cryptopia,1527917392580
960,,,,1042158.88983598,1.0942668343277788,1.05e-06,DOGE,Cryptopia,1527917392580
961,,,,60728.27060502,0.0643719668413212,1.06e-06,DOGE,Cryptopia,1527917392580
962,,,,224625.7882525,0.24034959343017498,1.07e-06,DOGE,Cryptopia,1527917392580
963,,,,307412.01329321,0.3320049743566668,1.08e-06,DOGE,Cryptopia,1527917392580
964,,,,677728.49154368,0.7387240557826111,1.09e-06,DOGE,Cryptopia,1527917392580
965,,,,1796664.55149165,1.976331006640815,1.1e-06,DOGE,Cryptopia,1527917392580
966,,,,187385.25078387,0.2079976283700957,1.11e-06,DOGE,Cryptopia,1527917392580
967,,,,1705874.61982257,1.9105795742012783,1.12e-06,DOGE,Cryptopia,1527917392580
968,,,,69967.14347774,0.0790628721298462,1.13e-06,DOGE,Cryptopia,1527917392580
969,,,,136932.35790745,0.156102888014493,1.14e-06,DOGE,Cryptopia,1527917392580
970,,,,509218.05429009,0.5856007624336035,1.15e-06,DOGE,Cryptopia,1527917392580
971,,,,217971.27882825,0.25284668344077,1.16e-06,DOGE,Cryptopia,1527917392580
972,,,,314188.17892154,0.3676001693382018,1.17e-06,DOGE,Cryptopia,1527917392580
973,,,,428864.44024232,0.5060600394859376,1.18e-06,DOGE,Cryptopia,1527917392580
974,,,,735768.30400477,0.8755642817656764,1.19e-06,DOGE,Cryptopia,1527917392580
975,,,,2914752.58656457,3.497703103877484,1.2e-06,DOGE,Cryptopia,1527917392580
976,,,,287343.15067835,0.3476852123208035,1.21e-06,DOGE,Cryptopia,1527917392580
977,,,,473137.05520651,0.5772272073519422,1.22e-06,DOGE,Cryptopia,1527917392580
978,,,,159521.73166872,0.19621172995252562,1.23e-06,DOGE,Cryptopia,1527917392580
979,,,,261548.81240346,0.3243205273802904,1.24e-06,DOGE,Cryptopia,1527917392580
980,,,,1071190.49860662,1.338988123258275,1.25e-06,DOGE,Cryptopia,1527917392580
981,,,,88107.66652897,0.1110156598265022,1.26e-06,DOGE,Cryptopia,1527917392580
982,,,,203524.47833175,0.2584760874813225,1.27e-06,DOGE,Cryptopia,1527917392580
983,,,,157201.93781961,0.20121848040910081,1.28e-06,DOGE,Cryptopia,1527917392580
984,,,,371078.73707494,0.4786915708266726,1.29e-06,DOGE,Cryptopia,1527917392580
985,,,,559448.33014466,0.727282829188058,1.3e-06,DOGE,Cryptopia,1527917392580
986,,,,56384.63909021,0.0738638772081751,1.31e-06,DOGE,Cryptopia,1527917392580
987,,,,84477.35113866,0.1115101035030312,1.32e-06,DOGE,Cryptopia,1527917392580
988,,,,44506.70030079,0.059193911400050696,1.33e-06,DOGE,Cryptopia,1527917392580
989,,,,97354.44728789,0.13045495936577262,1.34e-06,DOGE,Cryptopia,1527917392580
990,,,,151499.74182681,0.2045246514661935,1.35e-06,DOGE,Cryptopia,1527917392580
991,,,,51796.53432903,0.0704432866874808,1.36e-06,DOGE,Cryptopia,1527917392580
992,,,,25084.0,0.03436508,1.37e-06,DOGE,Cryptopia,1527917392580
993,,,,69196.49033093,0.0954911566566834,1.38e-06,DOGE,Cryptopia,1527917392580
994,,,,73940.93317624,0.1027778971149736,1.39e-06,DOGE,Cryptopia,1527917392580
995,,,,1357804.81292534,1.9009267380954757,1.4e-06,DOGE,Cryptopia,1527917392580
996,,,,46614.18651097,0.0657260029804677,1.41e-06,DOGE,Cryptopia,1527917392580
997,,,,94999.70931437,0.1348995872264054,1.42e-06,DOGE,Cryptopia,1527917392580
998,,,,67545.84701096,0.0965905612256728,1.43e-06,DOGE,Cryptopia,1527917392580
999,,,,187578.22787734,0.2701126481433696,1.44e-06,DOGE,Cryptopia,1527917392580
1000,,,,812445.25698069,1.1780456226220006,1.45e-06,DOGE,Cryptopia,1527917392580
1001,2230.26935338,0.0018957289503730003,8.5e-07,949.88,0.0008168968000000001,8.6e-07,BUMBA,Cryptopia,1527917392925
1002,871.63623319,0.0007321744358796,8.4e-07,850.12,0.0007396044000000001,8.7e-07,BUMBA,Cryptopia,1527917392925
1003,1800.0,0.0014759999999999999,8.2e-07,1850.0,0.001628,8.8e-07,BUMBA,Cryptopia,1527917392925
1004,1645.0,0.00133245,8.1e-07,1800.0,0.001602,8.9e-07,BUMBA,Cryptopia,1527917392925
1005,1650.12,0.0013200959999999998,8e-07,3500.0,0.003325,9.5e-07,BUMBA,Cryptopia,1527917392925
1006,1650.0,0.0013035,7.9e-07,1525.01247505,0.0015097623502995,9.9e-07,BUMBA,Cryptopia,1527917392925
1007,7332.58866882,0.0057194191616796,7.8e-07,1020.56,0.00102056,1e-06,BUMBA,Cryptopia,1527917392925
1008,1677.00432882,0.0012912933331914,7.7e-07,925.42,0.0009346742,1.01e-06,BUMBA,Cryptopia,1527917392925
1009,1800.0,0.001368,7.6e-07,1099.88,0.0011218776,1.02e-06,BUMBA,Cryptopia,1527917392925
1010,1333.8,0.00100035,7.5e-07,3653.48878226,0.0039457678848408,1.08e-06,BUMBA,Cryptopia,1527917392925
1011,4000.0,0.00296,7.4e-07,8803.22174728,0.0097715761394808,1.11e-06,BUMBA,Cryptopia,1527917392925
1012,2700.0,0.001971,7.3e-07,19255.44738758,0.0215661010740896,1.12e-06,BUMBA,Cryptopia,1527917392925
1013,1987.9373813,0.001431314914536,7.2e-07,5250.0,0.0062475000000000004,1.19e-06,BUMBA,Cryptopia,1527917392925
1014,1100.0,0.000781,7.1e-07,2652.03932365,0.0031824471883799997,1.2e-06,BUMBA,Cryptopia,1527917392925
1015,59128.79954377,0.041390159680639,7e-07,2556.67858245,0.003119147870589,1.22e-06,BUMBA,Cryptopia,1527917392925
1016,2100.0,0.001449,6.9e-07,5792.08197192,0.0071242608254616,1.23e-06,BUMBA,Cryptopia,1527917392925
1017,58708.15721498,0.03992154690618639,6.8e-07,5500.0,0.00682,1.24e-06,BUMBA,Cryptopia,1527917392925
1018,1135.0,0.0007604500000000001,6.7e-07,5000.0,0.0063,1.26e-06,BUMBA,Cryptopia,1527917392925
1019,11512.12726063,0.007598003992015801,6.6e-07,6206.0,0.007881619999999999,1.27e-06,BUMBA,Cryptopia,1527917392925
1020,2400.0,0.001536,6.4e-07,5000.0,0.0064,1.28e-06,BUMBA,Cryptopia,1527917392925
1021,1663.33333333,0.0009979999999979998,6e-07,5500.0,0.007095,1.29e-06,BUMBA,Cryptopia,1527917392925
1022,12549.20202645,0.0074040291956055,5.9e-07,1176.5263906,0.00152948430778,1.3e-06,BUMBA,Cryptopia,1527917392925
1023,2581.03448275,0.0014969999999949997,5.8e-07,4000.0,0.00536,1.34e-06,BUMBA,Cryptopia,1527917392925
1024,899.1894193,0.0005125379690010001,5.7e-07,5235.59963651,0.0070680595092885,1.35e-06,BUMBA,Cryptopia,1527917392925
1025,8000.0,0.0044800000000000005,5.6e-07,7367.67652953,0.010020040080160799,1.36e-06,BUMBA,Cryptopia,1527917392925
1026,7076.75557975,0.0038922155688625,5.5e-07,1169.87741458,0.0017431173477241999,1.49e-06,BUMBA,Cryptopia,1527917392925
1027,5000.0,0.00265,5.3e-07,14101.60635885,0.022280538046983,1.58e-06,BUMBA,Cryptopia,1527917392925
1028,8000.0,0.00416,5.2e-07,16847.66795668,0.026787792051121202,1.59e-06,BUMBA,Cryptopia,1527917392925
1029,1200.0,0.000612,5.1e-07,16126.82699118,0.025802923185887998,1.6e-06,BUMBA,Cryptopia,1527917392925
1030,217615.92814372,0.10880796407186,5e-07,7925.75172299,0.012760460274013901,1.61e-06,BUMBA,Cryptopia,1527917392925
1031,1038.73884883,0.0005089820359267,4.9e-07,3761.39036262,0.006206294098323,1.65e-06,BUMBA,Cryptopia,1527917392925
1032,1060.37924152,0.0005089820359296,4.8e-07,5950.0,0.010353000000000001,1.74e-06,BUMBA,Cryptopia,1527917392925
1033,3248.89370195,0.0015269800399165,4.7e-07,5000.0,0.00895,1.79e-06,BUMBA,Cryptopia,1527917392925
1034,1106.4826868,0.000508982035928,4.6e-07,1523.91304348,0.0027430434782639997,1.8e-06,BUMBA,Cryptopia,1527917392925
1035,13262.1423819,0.0059679640718549995,4.5e-07,742.3548642,0.001343662304202,1.81e-06,BUMBA,Cryptopia,1527917392925
1036,1156.77735438,0.0005089820359272,4.4e-07,2710.811,0.005015000350000001,1.85e-06,BUMBA,Cryptopia,1527917392925
1037,1183.67915332,0.0005089820359276,4.3e-07,10442.68418632,0.019841099954008002,1.9e-06,BUMBA,Cryptopia,1527917392925
1038,2461.86199031,0.0010339820359302,4.2e-07,10284.76782099,0.0196439065380909,1.91e-06,BUMBA,Cryptopia,1527917392925
1039,1241.41959982,0.0005089820359262,4.1e-07,767.69537847,0.0014739751266624,1.92e-06,BUMBA,Cryptopia,1527917392925
1040,541822.44576123,0.21672897830449198,4e-07,1333.52459016,0.0025737024590088,1.93e-06,BUMBA,Cryptopia,1527917392925
1041,1305.08214341,0.0005089820359299001,3.9e-07,5000.0,0.0097,1.94e-06,BUMBA,Cryptopia,1527917392925
1042,1339.42641034,0.0005089820359292001,3.8e-07,257.43666667,0.0005020015000065,1.95e-06,BUMBA,Cryptopia,1527917392925
1043,1375.62712413,0.0005089820359281001,3.7e-07,2307.26256983,0.0045683798882634,1.98e-06,BUMBA,Cryptopia,1527917392925
1044,1413.83898869,0.0005089820359284,3.6e-07,1000.0,0.00199,1.99e-06,BUMBA,Cryptopia,1527917392925
1045,5991.00940975,0.0020968532934124997,3.5e-07,539.41908714,0.0010842323651513999,2.01e-06,BUMBA,Cryptopia,1527917392925
1046,590.84771633,0.0002008882235522,3.4e-07,500.0,0.00101,2.02e-06,BUMBA,Cryptopia,1527917392925
1047,149766.40658077,0.049422914171654106,3.3e-07,280.50035133,0.0005750257202264999,2.05e-06,BUMBA,Cryptopia,1527917392925
1048,56535.16108916,0.0180912515485312,3.2e-07,1000.0,0.00208,2.08e-06,BUMBA,Cryptopia,1527917392925
1049,164.18775353,5.08982035943e-05,3.1e-07,6750.0,0.014174999999999998,2.1e-06,BUMBA,Cryptopia,1527917392925
1050,20000.0,0.005600000000000001,2.8e-07,272.53545842,0.000599578008524,2.2e-06,BUMBA,Cryptopia,1527917392925
1051,1885.11865159,0.0005089820359293,2.7e-07,4699.40299581,0.0103856806207401,2.21e-06,BUMBA,Cryptopia,1527917392925
1052,250.0,6.5e-05,2.6e-07,273.64625588,0.0006157040757300001,2.25e-06,BUMBA,Cryptopia,1527917392925
1053,250.0,6.25e-05,2.5e-07,9045.97326479,0.020624819043721203,2.28e-06,BUMBA,Cryptopia,1527917392925
1054,250.0,5.9999999999999995e-05,2.4e-07,730.79782464,0.0016808349966720001,2.3e-06,BUMBA,Cryptopia,1527917392925
1055,4589.14779137,0.0010555039920151,2.3e-07,20250.0,0.0486,2.4e-06,BUMBA,Cryptopia,1527917392925
1056,90250.0,0.019855,2.2e-07,18639.71795236,0.046226500521852794,2.48e-06,BUMBA,Cryptopia,1527917392925
1057,250.0,5.25e-05,2.1e-07,194284.63391994,0.48571158479985005,2.5e-06,BUMBA,Cryptopia,1527917392925
1058,5350.0,0.00107,2e-07,1260.87438649,0.0032026209416846,2.54e-06,BUMBA,Cryptopia,1527917392925
1059,350.0,6.65e-05,1.9e-07,300.0,0.000795,2.65e-06,BUMBA,Cryptopia,1527917392925
1060,350.0,6.3e-05,1.8e-07,300.0,0.000801,2.67e-06,BUMBA,Cryptopia,1527917392925
1061,350.0,5.9499999999999996e-05,1.7e-07,187.22666667,0.0005055120000089999,2.7e-06,BUMBA,Cryptopia,1527917392925
1062,350.0,5.6e-05,1.6e-07,7722.33311155,0.021004746063415996,2.72e-06,BUMBA,Cryptopia,1527917392925
1063,350.0,5.2499999999999995e-05,1.5e-07,697.70122174,0.0019396093964372002,2.78e-06,BUMBA,Cryptopia,1527917392925
1064,450.0,6.3e-05,1.4e-07,459.85481857,0.0012829949438103,2.79e-06,BUMBA,Cryptopia,1527917392925
