id,bid_amount,bid_amount_btc,bid_price,ask_amount,ask_amount_btc,ask_price,coin,exchange,timestamp
1,267.747588,0.0043401884014799995,1.621e-05,2116.45545294,0.034773363091804205,1.643e-05,XWC,Bittrex,1527917853695
2,1407.96898889,0.022809097620018003,1.62e-05,7645.3699987,0.125689882778628,1.644e-05,XWC,Bittrex,1527917853695
3,85.4720105,0.0013837918499949998,1.619e-05,5892.94689628,0.1003568856436484,1.703e-05,XWC,Bittrex,1527917853695
4,618.73134016,0.0099863238301824,1.614e-05,597.7286312,0.010352659892384,1.732e-05,XWC,Bittrex,1527917853695
5,1500.0,0.024165,1.611e-05,3059.25771486,0.053598195164347204,1.752e-05,XWC,Bittrex,1527917853695
6,1293.57,0.020748862799999997,1.604e-05,4431.20363359,0.0777676237695045,1.755e-05,XWC,Bittrex,1527917853695
7,1765.0,0.02829295,1.603e-05,3023.61077179,0.0531550773680682,1.758e-05,XWC,Bittrex,1527917853695
8,62.3051989,0.000997506234389,1.601e-05,2159.14528338,0.03819528006299219,1.769e-05,XWC,Bittrex,1527917853695
9,26015.72458799,0.41625159340783996,1.6e-05,62.62881608,0.0011097826209376,1.772e-05,XWC,Bittrex,1527917853695
10,395.8958349,0.006330374400051001,1.599e-05,50.0,0.000887,1.774e-05,XWC,Bittrex,1527917853695
11,2500.0,0.039375,1.575e-05,1079.21907747,0.0191777230066419,1.777e-05,XWC,Bittrex,1527917853695
12,63.81957774,0.0009975000000762,1.563e-05,12082.2942643,0.215668952617755,1.785e-05,XWC,Bittrex,1527917853695
13,1923.08948479,0.029980965067876102,1.559e-05,7609.56769184,0.13590687897626239,1.786e-05,XWC,Bittrex,1527917853695
14,1000.0,0.01554,1.554e-05,6.87761244,0.000123109262676,1.79e-05,XWC,Bittrex,1527917853695
15,1000.0,0.01545,1.545e-05,493.17943276,0.008872297995352399,1.799e-05,XWC,Bittrex,1527917853695
16,3361.34477319,0.051697482611662196,1.538e-05,4531.86770664,0.08157361871952,1.8e-05,XWC,Bittrex,1527917853695
17,20000.0,0.3072,1.536e-05,33.21912351,0.0006006017530608,1.808e-05,XWC,Bittrex,1527917853695
18,12500.0,0.190625,1.525e-05,560.0,0.01022,1.825e-05,XWC,Bittrex,1527917853695
19,53.0,0.0008029500000000001,1.515e-05,1098.3,0.02009889,1.83e-05,XWC,Bittrex,1527917853695
20,2659.72222222,0.040214999999966396,1.512e-05,5000.0,0.092,1.84e-05,XWC,Bittrex,1527917853695
21,1376.12221707,0.0207932066999277,1.511e-05,2525.11583333,0.0466893917582717,1.849e-05,XWC,Bittrex,1527917853695
22,1500.0,0.022635,1.509e-05,50.0,0.0009249999999999999,1.85e-05,XWC,Bittrex,1527917853695
23,20000.0,0.3012,1.506e-05,539.21536287,0.010002444981238501,1.855e-05,XWC,Bittrex,1527917853695
24,1500.0,0.02253,1.502e-05,65.72047116,0.0012230579682876,1.861e-05,XWC,Bittrex,1527917853695
25,197520.53502723,2.9628080254084503,1.5e-05,191.24221519,0.0035934412234201003,1.879e-05,XWC,Bittrex,1527917853695
26,3500.0,0.051625,1.475e-05,1819.01945619,0.034197565776372,1.88e-05,XWC,Bittrex,1527917853695
27,17849.38891587,0.2593516209475911,1.453e-05,311.3463894,0.005856425584614001,1.881e-05,XWC,Bittrex,1527917853695
28,4214.73908574,0.06119801152494479,1.452e-05,1358.76060003,0.0256126373105655,1.885e-05,XWC,Bittrex,1527917853695
29,68793.10344828,0.99750000000006,1.45e-05,297.99858147,0.0056232332323389,1.887e-05,XWC,Bittrex,1527917853695
30,1299.79760664,0.018587105774951998,1.43e-05,14241.0993129,0.26887195502755196,1.888e-05,XWC,Bittrex,1527917853695
31,3500.0,0.049875,1.425e-05,27908.8246235,0.527197697137915,1.889e-05,XWC,Bittrex,1527917853695
32,5531.80934351,0.0779431936500559,1.409e-05,11157.87369494,0.210883812834366,1.89e-05,XWC,Bittrex,1527917853695
33,70000.0,0.9807,1.401e-05,5000.0,0.09455,1.891e-05,XWC,Bittrex,1527917853695
34,10000.0,0.13999999999999999,1.4e-05,6600.0,0.12487199999999998,1.892e-05,XWC,Bittrex,1527917853695
35,179.21146953,0.0024999999999434997,1.395e-05,5000.0,0.09465,1.893e-05,XWC,Bittrex,1527917853695
36,2967.71523766,0.0408951159749548,1.378e-05,33280.74164773,0.6316684764739154,1.898e-05,XWC,Bittrex,1527917853695
37,5000.0,0.06875,1.375e-05,2639.54713007,0.0501250000000293,1.899e-05,XWC,Bittrex,1527917853695
38,367.86849432,0.004855864125024,1.32e-05,12548.97622423,0.23843054826037002,1.9e-05,XWC,Bittrex,1527917853695
39,4068.63491048,0.053217744629078405,1.308e-05,100.0,0.0019089999999999999,1.909e-05,XWC,Bittrex,1527917853695
40,50.0,0.0006535,1.307e-05,35.0,0.00067445,1.927e-05,XWC,Bittrex,1527917853695
41,76436.7816092,0.99750000000006,1.305e-05,3729.91281624,0.0720619156097568,1.932e-05,XWC,Bittrex,1527917853695
42,63258.68414609,0.8223628938991699,1.3e-05,1435.82008979,0.027854909741926004,1.94e-05,XWC,Bittrex,1527917853695
43,77445.65217391,0.9974999999999609,1.288e-05,300.0,0.005832,1.944e-05,XWC,Bittrex,1527917853695
44,5000.0,0.06375,1.275e-05,610.0697629,0.011878058283663001,1.947e-05,XWC,Bittrex,1527917853695
45,34289.74404621,0.4341081596250186,1.266e-05,4607.2823994,0.0898420067883,1.95e-05,XWC,Bittrex,1527917853695
46,3715.0,0.0466604,1.256e-05,154.82692771,0.0030485422066099,1.969e-05,XWC,Bittrex,1527917853695
47,161538.46153846,1.994999999999981,1.235e-05,433.0,0.0085734,1.98e-05,XWC,Bittrex,1527917853695
48,9270.0,0.1132794,1.222e-05,711.0,0.01412046,1.986e-05,XWC,Bittrex,1527917853695
49,9999.0,0.12208779,1.221e-05,15141.39182406,0.30085945554407223,1.987e-05,XWC,Bittrex,1527917853695
50,7780.57358607,0.094922997750054,1.22e-05,50000.0,0.9945,1.989e-05,XWC,Bittrex,1527917853695
51,412.20115416,0.0049999999999608006,1.213e-05,15000.0,0.2985,1.99e-05,XWC,Bittrex,1527917853695
52,3500.0,0.04242,1.212e-05,51.0,0.0010179599999999998,1.996e-05,XWC,Bittrex,1527917853695
53,2471.09826589,0.0299249999999279,1.211e-05,15356.03244956,0.3071206489912,2e-05,XWC,Bittrex,1527917853695
54,2475.18610421,0.029924999999898897,1.209e-05,50.0,0.0010010000000000002,2.002e-05,XWC,Bittrex,1527917853695
55,82986.68885191,0.9974999999999582,1.202e-05,1000.0,0.0202,2.02e-05,XWC,Bittrex,1527917853695
56,89938.125,1.0792575,1.2e-05,52.0,0.00105404,2.027e-05,XWC,Bittrex,1527917853695
57,5184.24312132,0.06174433557492119,1.191e-05,57656.766981,1.17216207272373,2.033e-05,XWC,Bittrex,1527917853695
58,100.0,0.001173,1.173e-05,11500.0,0.2346,2.04e-05,XWC,Bittrex,1527917853695
59,85256.41025641,0.9974999999999971,1.17e-05,908.38411733,0.018558287517051898,2.043e-05,XWC,Bittrex,1527917853695
60,2672.70184426,0.030976614374973403,1.159e-05,39.0625,0.000799609375,2.047e-05,XWC,Bittrex,1527917853695
61,7200.0,0.081,1.125e-05,714.49161486,0.01464707810463,2.05e-05,XWC,Bittrex,1527917853695
62,224.21524664,0.002500000000036,1.115e-05,737.10969011,0.0151476041317605,2.055e-05,XWC,Bittrex,1527917853695
63,4489.19891989,0.0498749999999779,1.111e-05,172.75419545,0.0035552813423609998,2.058e-05,XWC,Bittrex,1527917853695
64,4497.29486023,0.04987499999995071,1.109e-05,98.7166831,0.002032576505029,2.059e-05,XWC,Bittrex,1527917853695
65,4068.63491048,0.0450804748081184,1.108e-05,74.03751233,0.0015251727539979999,2.06e-05,XWC,Bittrex,1527917853695
66,59.47457727,0.00065422034997,1.1e-05,2315.49103119,0.047745425063137795,2.062e-05,XWC,Bittrex,1527917853695
67,1918.0,0.020887020000000003,1.089e-05,708.9588587,0.014640000432155,2.065e-05,XWC,Bittrex,1527917853695
68,1848.93419833,0.019949999999980702,1.079e-05,73.78258731,0.0015317265125556,2.076e-05,XWC,Bittrex,1527917853695
69,4307.89025289,0.0447159008249982,1.038e-05,1111.22515502,0.023102370972865802,2.079e-05,XWC,Bittrex,1527917853695
70,9647.00193423,0.0997499999999382,1.034e-05,1016.68080529,0.021146960750032,2.08e-05,XWC,Bittrex,1527917853695
71,14484.51113262,0.1496249999999646,1.033e-05,164.53643185,0.0034305846040725,2.085e-05,XWC,Bittrex,1527917853695
72,96638.24840147,0.9973067235031704,1.032e-05,658.06875,0.0137404755,2.088e-05,XWC,Bittrex,1527917853695
73,50.0,0.000505,1.01e-05,50000.0,1.0445,2.089e-05,XWC,Bittrex,1527917853695
74,6917.0746875,0.06972411285,1.008e-05,10000.0,0.209,2.09e-05,XWC,Bittrex,1527917853695
75,400.0,0.00402,1.005e-05,2000.0,0.04198,2.099e-05,XWC,Bittrex,1527917853695
76,6830.0,0.06850490000000001,1.003e-05,24501.01155014,0.51452124255294,2.1e-05,XWC,Bittrex,1527917853695
77,110750.0,1.1075000000000002,1e-05,2811.13954961,0.0591182647282983,2.103e-05,XWC,Bittrex,1527917853695
78,1000.0,0.00989,9.89e-06,50.0,0.0010530000000000001,2.106e-05,XWC,Bittrex,1527917853695
79,260.5799373,0.002493749999961,9.57e-06,2758.92280837,0.0583236281689418,2.114e-05,XWC,Bittrex,1527917853695
80,20000.0,0.1902,9.51e-06,50000.0,1.0574999999999999,2.115e-05,XWC,Bittrex,1527917853695
81,1200.0,0.011028,9.19e-06,111.0,0.0023543099999999996,2.121e-05,XWC,Bittrex,1527917853695
82,19687.5,0.17955000000000002,9.12e-06,32.42343194,0.000688997928725,2.125e-05,XWC,Bittrex,1527917853695
83,14234.35784851,0.1296749999999261,9.11e-06,98.37678308,0.0020914904082808,2.126e-05,XWC,Bittrex,1527917853695
84,6080.0,0.055206399999999996,9.08e-06,53.83162439,0.001146613599507,2.13e-05,XWC,Bittrex,1527917853695
85,1754.16666667,0.01578750000003,9e-06,394.24059783,0.0084052095457356,2.132e-05,XWC,Bittrex,1527917853695
86,230.0,0.0020608000000000002,8.96e-06,5196.0,0.11119439999999998,2.14e-05,XWC,Bittrex,1527917853695
87,159.86898876,0.001422833999964,8.9e-06,48.59031936,0.0010403187374976,2.141e-05,XWC,Bittrex,1527917853695
88,1055.9931733,0.00929273992504,8.8e-06,1500.0,0.032130000000000006,2.142e-05,XWC,Bittrex,1527917853695
89,1000.0,0.008749999999999999,8.75e-06,112.02404279,0.0024062764391292,2.148e-05,XWC,Bittrex,1527917853695
90,2306.3583815,0.019949999999975,8.65e-06,714.82313551,0.0153615491821099,2.149e-05,XWC,Bittrex,1527917853695
91,120.0,0.001026,8.55e-06,520.0,0.01118,2.15e-05,XWC,Bittrex,1527917853695
92,20000.0,0.1702,8.51e-06,50000.0,1.0775,2.155e-05,XWC,Bittrex,1527917853695
93,1300.0,0.011024,8.48e-06,1000.0,0.021679999999999998,2.168e-05,XWC,Bittrex,1527917853695
94,160.0,0.0013168000000000001,8.23e-06,9543.82357415,0.20700553332331348,2.169e-05,XWC,Bittrex,1527917853695
95,700.0,0.005725999999999999,8.18e-06,111.48437092,0.002419210848964,2.17e-05,XWC,Bittrex,1527917853695
96,2700.0,0.022005,8.15e-06,1503.96330548,0.0327412811602996,2.177e-05,XWC,Bittrex,1527917853695
97,24508.59950859,0.1994999999999226,8.14e-06,5000.0,0.10895,2.179e-05,XWC,Bittrex,1527917853695
98,20857.93357933,0.1695749999999529,8.13e-06,644.74110796,0.014055356153528,2.18e-05,XWC,Bittrex,1527917853695
99,50000.0,0.4055,8.11e-06,6474.35020502,0.141788269489938,2.19e-05,XWC,Bittrex,1527917853695
100,78.0,0.0006294600000000001,8.07e-06,77.71363429,0.0017042599999796998,2.193e-05,XWC,Bittrex,1527917853695
101,1205077.13927725,1.5666002810604251,1.3e-06,9103.19098423,0.011925180189341298,1.31e-06,XDN,Bittrex,1527917854014
102,690320.60889074,0.8905135854690545,1.29e-06,469003.90668718,0.6190851568270777,1.32e-06,XDN,Bittrex,1527917854014
103,300461.88359655,0.38459121100358395,1.28e-06,285867.45208466,0.3802037112725978,1.33e-06,XDN,Bittrex,1527917854014
104,484420.05587478,0.6152134709609706,1.27e-06,337783.5588891,0.452629968911394,1.34e-06,XDN,Bittrex,1527917854014
105,763257.49188475,0.9617044397747849,1.26e-06,319189.60513727,0.4309059669353145,1.35e-06,XDN,Bittrex,1527917854014
106,247858.09442,0.30982261802500005,1.25e-06,429293.86473352,0.5838396560375871,1.36e-06,XDN,Bittrex,1527917854014
107,252274.39175465,0.312820245775766,1.24e-06,142513.66681379,0.1952437235348923,1.37e-06,XDN,Bittrex,1527917854014
108,502870.62872923,0.618530873336953,1.23e-06,159792.12140897,0.2205131275443786,1.38e-06,XDN,Bittrex,1527917854014
109,185834.4416459,0.226718018807998,1.22e-06,701176.9147085,0.9746359114448151,1.39e-06,XDN,Bittrex,1527917854014
110,422662.66348286,0.5114218228142606,1.21e-06,199396.78720937,0.279155502093118,1.4e-06,XDN,Bittrex,1527917854014
111,756630.5935625,0.907956712275,1.2e-06,52000.0,0.07332,1.41e-06,XDN,Bittrex,1527917854014
112,17773.10924369,0.0211499999999911,1.19e-06,406980.27991507,0.5779119974793994,1.42e-06,XDN,Bittrex,1527917854014
113,39919.52640622,0.0471050411593396,1.18e-06,236485.46841449,0.3381742198327207,1.43e-06,XDN,Bittrex,1527917854014
114,97593.6909829,0.11418461844999302,1.17e-06,562351.47221186,0.8097861199850784,1.44e-06,XDN,Bittrex,1527917854014
115,88518.76913793,0.10268177219999879,1.16e-06,408836.41904573,0.5928128076163086,1.45e-06,XDN,Bittrex,1527917854014
116,472986.52173913,0.5439344999999995,1.15e-06,45865.68375033,0.0669638982754818,1.46e-06,XDN,Bittrex,1527917854014
117,13291.94957272,0.0151528225129008,1.14e-06,282087.98812716,0.41466934254692517,1.47e-06,XDN,Bittrex,1527917854014
118,228557.72230089,0.25827022620000567,1.13e-06,642488.43395374,0.9508828822515353,1.48e-06,XDN,Bittrex,1527917854014
119,60622.25,0.06789692,1.12e-06,915486.71829313,1.3640752102567637,1.49e-06,XDN,Bittrex,1527917854014
120,164956.48648649,0.1831017000000039,1.11e-06,641356.47890983,0.962034718364745,1.5e-06,XDN,Bittrex,1527917854014
121,208856.20318182,0.229741823500002,1.1e-06,67337.48858082,0.1016796077570382,1.51e-06,XDN,Bittrex,1527917854014
122,308051.66666667,0.3326958000000036,1.08e-06,82785.88161023,0.1258345400475496,1.52e-06,XDN,Bittrex,1527917854014
123,11030.0,0.011581499999999998,1.05e-06,34437.91132142,0.05269000432177259,1.53e-06,XDN,Bittrex,1527917854014
124,480.0,0.0004992,1.04e-06,934595.3602762,1.439276854825348,1.54e-06,XDN,Bittrex,1527917854014
125,10200.0,0.010506000000000001,1.03e-06,477741.60932518,0.740499494454029,1.55e-06,XDN,Bittrex,1527917854014
126,244485.29411765,0.24937500000000298,1.02e-06,129851.47141949,0.2025682954144044,1.56e-06,XDN,Bittrex,1527917854014
127,225366.30977722,0.22761997287499222,1.01e-06,239592.49575517,0.3761602183356169,1.57e-06,XDN,Bittrex,1527917854014
128,315625.465675,0.315625465675,1e-06,318214.31900564,0.5027786240289112,1.58e-06,XDN,Bittrex,1527917854014
129,30275.75757576,0.0299730000000024,9.9e-07,1035301.70447559,1.6461297101161882,1.59e-06,XDN,Bittrex,1527917854014
130,10558.92857143,0.0103477500000014,9.8e-07,492030.48475271,0.7872487756043359,1.6e-06,XDN,Bittrex,1527917854014
131,2010.0,0.0019497,9.7e-07,14071.90639839,0.0226557693014079,1.61e-06,XDN,Bittrex,1527917854014
132,276383.88601563,0.2653285305750048,9.6e-07,385209.40898884,0.6240392425619208,1.62e-06,XDN,Bittrex,1527917854014
133,134181.57894737,0.1274725000000015,9.5e-07,62633.05219139,0.10209187507196571,1.63e-06,XDN,Bittrex,1527917854014
134,20850.0,0.019599,9.4e-07,788827.54495181,1.2936771737209685,1.64e-06,XDN,Bittrex,1527917854014
135,550.0,0.0005115,9.3e-07,801418.28390288,1.3223401684397522,1.65e-06,XDN,Bittrex,1527917854014
136,10050.0,0.009245999999999999,9.2e-07,617008.75649272,1.0242345357779152,1.66e-06,XDN,Bittrex,1527917854014
137,25961.53846154,0.0236250000000014,9.1e-07,339917.46175662,0.5676621611335554,1.67e-06,XDN,Bittrex,1527917854014
138,247637.93516667,0.222874141650003,9e-07,368964.55098507,0.6198604456549176,1.68e-06,XDN,Bittrex,1527917854014
139,214759.40673345,0.1911358719927705,8.9e-07,1247779.60673965,2.1087475353900085,1.69e-06,XDN,Bittrex,1527917854014
140,113352.27272727,0.0997499999999976,8.8e-07,626786.45258557,1.065536969395469,1.7e-06,XDN,Bittrex,1527917854014
141,116942.6462931,0.101740102274997,8.7e-07,114481.48387097,0.1957633374193587,1.71e-06,XDN,Bittrex,1527917854014
142,412801.44708824,0.350881230025004,8.5e-07,128063.60881639,0.2202694071641908,1.72e-06,XDN,Bittrex,1527917854014
143,357550.0,0.300342,8.4e-07,58895.50577074,0.1018892249833802,1.73e-06,XDN,Bittrex,1527917854014
144,3017.216111,0.00247411721102,8.2e-07,111197.6475,0.19348390665,1.74e-06,XDN,Bittrex,1527917854014
145,53917.60490741,0.0436732599750021,8.1e-07,175389.70686543,0.30693198701450247,1.75e-06,XDN,Bittrex,1527917854014
146,199812.5,0.15985,8e-07,20171.33904343,0.0355015567164368,1.76e-06,XDN,Bittrex,1527917854014
147,3209.804373,0.0024715493672100002,7.7e-07,152979.81296758,0.2707742689526166,1.77e-06,XDN,Bittrex,1527917854014
148,10200.0,0.007752,7.6e-07,216159.89486266,0.38476461285553476,1.78e-06,XDN,Bittrex,1527917854014
149,7000.0,0.00525,7.5e-07,224213.90927854,0.4013428976085866,1.79e-06,XDN,Bittrex,1527917854014
150,202195.94594594,0.14962499999999562,7.4e-07,431103.29659232,0.775985933866176,1.8e-06,XDN,Bittrex,1527917854014
151,136643.83561644,0.09975000000000118,7.3e-07,7379.75718598,0.0133573605066238,1.81e-06,XDN,Bittrex,1527917854014
152,73628.654671,0.05301263136312,7.2e-07,150683.74140462,0.27424440935640837,1.82e-06,XDN,Bittrex,1527917854014
153,702.47883803,0.0004987599750013,7.1e-07,295660.66548565,0.5410590178387396,1.83e-06,XDN,Bittrex,1527917854014
154,221250.0,0.15487499999999998,7e-07,799697.80584667,1.4714439627578726,1.84e-06,XDN,Bittrex,1527917854014
155,9000.0,0.00612,6.8e-07,389102.49145784,0.7198396091970041,1.85e-06,XDN,Bittrex,1527917854014
156,13879.531843,0.009299286334810001,6.7e-07,6023.35002943,0.011203431054739801,1.86e-06,XDN,Bittrex,1527917854014
157,10000.0,0.006500000000000001,6.5e-07,106492.57364533,0.19914111271676713,1.87e-06,XDN,Bittrex,1527917854014
158,823.60352159,0.0005271062538176,6.4e-07,132960.71661183,0.24996614723024038,1.88e-06,XDN,Bittrex,1527917854014
159,246104.50819672,0.1501237499999992,6.1e-07,35090.72563169,0.0663214714438941,1.89e-06,XDN,Bittrex,1527917854014
160,246000.0,0.14759999999999998,6e-07,151825.12126101,0.288467730395919,1.9e-06,XDN,Bittrex,1527917854014
161,5333.0,0.0031464699999999997,5.9e-07,422813.5827334,0.807573943020794,1.91e-06,XDN,Bittrex,1527917854014
162,200000.0,0.112,5.6e-07,92475.11539394,0.17755222155636477,1.92e-06,XDN,Bittrex,1527917854014
163,19820.0,0.010901000000000001,5.5e-07,90894.03753223,0.1754254924372039,1.93e-06,XDN,Bittrex,1527917854014
164,5000.0,0.00265,5.3e-07,659842.03700639,1.2800935517923968,1.94e-06,XDN,Bittrex,1527917854014
165,10000.0,0.0052,5.2e-07,726338.84943801,1.4163607564041194,1.95e-06,XDN,Bittrex,1527917854014
166,102000.0,0.05202,5.1e-07,102784.74428129,0.2014580987913284,1.96e-06,XDN,Bittrex,1527917854014
167,1212500.0,0.60625,5e-07,535950.65950234,1.0558227992196099,1.97e-06,XDN,Bittrex,1527917854014
168,100000.0,0.047999999999999994,4.8e-07,384956.09494582,0.7622130679927236,1.98e-06,XDN,Bittrex,1527917854014
169,221666.66666667,0.0997500000000015,4.5e-07,1697486.49033125,3.3779981157591874,1.99e-06,XDN,Bittrex,1527917854014
170,2300.0,0.001012,4.4e-07,1298957.80608494,2.5979156121698797,2e-06,XDN,Bittrex,1527917854014
171,100000.0,0.041,4.1e-07,170115.89629045,0.3419329515438045,2.01e-06,XDN,Bittrex,1527917854014
172,250000.0,0.09999999999999999,4e-07,568490.05609981,1.1483499133216164,2.02e-06,XDN,Bittrex,1527917854014
173,100000.0,0.036,3.6e-07,438567.4115626,0.8902918454720781,2.03e-06,XDN,Bittrex,1527917854014
174,200000.0,0.06999999999999999,3.5e-07,133716.07056345,0.272780783949438,2.04e-06,XDN,Bittrex,1527917854014
175,3100.0,0.001023,3.3e-07,556587.82464082,1.141005040513681,2.05e-06,XDN,Bittrex,1527917854014
176,332500.0,0.09974999999999999,3e-07,185683.8595903,0.38250875075601803,2.06e-06,XDN,Bittrex,1527917854014
177,5000.0,0.00145,2.9e-07,217530.14606762,0.4502874023599734,2.07e-06,XDN,Bittrex,1527917854014
178,7000.0,0.00196,2.8e-07,156228.95646645,0.324956229450216,2.08e-06,XDN,Bittrex,1527917854014
179,150000.0,0.039,2.6e-07,284675.11507649,0.594970990509864,2.09e-06,XDN,Bittrex,1527917854014
180,400000.0,0.09999999999999999,2.5e-07,721219.80160523,1.5145615833709827,2.1e-06,XDN,Bittrex,1527917854014
181,139026.79847826,0.0319761636499998,2.3e-07,540447.7554996,1.140344764104156,2.11e-06,XDN,Bittrex,1527917854014
182,276645.45454545,0.060861999999999,2.2e-07,309516.88882099,0.6561758043004988,2.12e-06,XDN,Bittrex,1527917854014
183,1200000.0,0.252,2.1e-07,512911.75070441,1.0925020290003933,2.13e-06,XDN,Bittrex,1527917854014
184,500000.0,0.09999999999999999,2e-07,1241562.89466249,2.6569445945777286,2.14e-06,XDN,Bittrex,1527917854014
185,804166.66666667,0.1447500000000006,1.8e-07,2462080.94737581,5.293474036857991,2.15e-06,XDN,Bittrex,1527917854014
186,3836.53846154,0.0004987500000002,1.3e-07,93110.64055838,0.20111898360610078,2.16e-06,XDN,Bittrex,1527917854014
187,9100.0,0.0010010000000000002,1.1e-07,81416.64612459,0.1766741220903603,2.17e-06,XDN,Bittrex,1527917854014
188,1000000.0,0.09999999999999999,1e-07,338362.5039125,0.7376302585292499,2.18e-06,XDN,Bittrex,1527917854014
189,2217199.31585179,0.19954793842666108,9e-08,203707.25825351,0.4461188955751869,2.19e-06,XDN,Bittrex,1527917854014
190,50000.0,0.001,2e-08,1463244.19880627,3.2191372373737943,2.2e-06,XDN,Bittrex,1527917854014
191,11896902.8275,0.11896902827500001,1e-08,179881.44817342,0.3975380004632582,2.21e-06,XDN,Bittrex,1527917854014
192,,,,148063.78557258,0.3287016039711276,2.22e-06,XDN,Bittrex,1527917854014
193,,,,8288.52798496,0.018483417406460798,2.23e-06,XDN,Bittrex,1527917854014
194,,,,411086.56,0.9208338944000001,2.24e-06,XDN,Bittrex,1527917854014
195,,,,856282.94379388,1.9266366235362302,2.25e-06,XDN,Bittrex,1527917854014
196,,,,86499.14070575,0.195488057994995,2.26e-06,XDN,Bittrex,1527917854014
197,,,,105261.21495327,0.2389429579439229,2.27e-06,XDN,Bittrex,1527917854014
198,,,,94878.1247662,0.216322124466936,2.28e-06,XDN,Bittrex,1527917854014
199,,,,258718.322014,0.5924649574120601,2.29e-06,XDN,Bittrex,1527917854014
200,,,,779062.4873373,1.79184372087579,2.3e-06,XDN,Bittrex,1527917854014
201,589.88985052,0.014511290322792001,2.46e-05,9802.74945806,0.2450687364515,2.5e-05,EMC2,Bittrex,1527917854369
202,67.89597503,0.0016695620259877001,2.459e-05,40922.75633754,1.0242965911286261,2.503e-05,EMC2,Bittrex,1527917854369
203,3851.26429283,0.0946640763177614,2.458e-05,82.53772229,0.0020692206978103,2.507e-05,EMC2,Bittrex,1527917854369
204,20134.0,0.4942897,2.455e-05,45.86439491,0.0011521136001392,2.512e-05,EMC2,Bittrex,1527917854369
205,82.76581698,0.0020252795415006,2.447e-05,10225.928,0.25697757064000004,2.513e-05,EMC2,Bittrex,1527917854369
206,82.56864671,0.0020196290985266,2.446e-05,865.5321523,0.021759478308822,2.514e-05,EMC2,Bittrex,1527917854369
207,977.11368456,0.023861116176955202,2.442e-05,1000.0,0.025150000000000002,2.515e-05,EMC2,Bittrex,1527917854369
208,1389.65163934,0.033907499999896,2.44e-05,504.155801,0.01268455995316,2.516e-05,EMC2,Bittrex,1527917854369
209,64.86198574,0.0015819838321985999,2.439e-05,1776.54761905,0.044769000000060004,2.52e-05,EMC2,Bittrex,1527917854369
210,1227.94419368,0.029924999999981595,2.437e-05,814.44731339,0.0205322167705619,2.521e-05,EMC2,Bittrex,1527917854369
211,314.89346983,0.0076708049250588,2.436e-05,1750.0,0.0441875,2.525e-05,EMC2,Bittrex,1527917854369
212,6288.94626777,0.1531358416201995,2.435e-05,4111.36758893,0.104017599999929,2.53e-05,EMC2,Bittrex,1527917854369
213,113.87915777,0.0027706799085441,2.433e-05,1656.57666761,0.0419776527572374,2.534e-05,EMC2,Bittrex,1527917854369
214,615.74074074,0.014962499999982,2.43e-05,1000.0,0.02535,2.535e-05,EMC2,Bittrex,1527917854369
215,2546.17110951,0.0618464962499979,2.429e-05,35.85913494,0.0009101048447771999,2.538e-05,EMC2,Bittrex,1527917854369
216,822.00247219,0.0199500000000513,2.427e-05,3681.93359514,0.09352111331655599,2.54e-05,EMC2,Bittrex,1527917854369
217,618.28512397,0.014962500000073998,2.42e-05,40.50222762,0.0010303766706528,2.544e-05,EMC2,Bittrex,1527917854369
218,4336.94268932,0.1047805353739712,2.416e-05,378.34,0.009628752999999999,2.545e-05,EMC2,Bittrex,1527917854369
219,14091.0,0.34029765,2.415e-05,897.92816301,0.0228702303118647,2.547e-05,EMC2,Bittrex,1527917854369
220,4143.90796914,0.1000339383750396,2.414e-05,350.0,0.0089215,2.549e-05,EMC2,Bittrex,1527917854369
221,82.82529868,0.0019985744571484002,2.413e-05,1764.70588235,0.044999999999924996,2.55e-05,EMC2,Bittrex,1527917854369
222,3690.85062241,0.088949500000081,2.41e-05,100.0,0.002558,2.558e-05,EMC2,Bittrex,1527917854369
223,48.35235563,0.0011638412000141,2.407e-05,1530.22691491,0.039173809021695996,2.56e-05,EMC2,Bittrex,1527917854369
224,104.591,0.00251645946,2.406e-05,1001.75873569,0.025715146745162298,2.567e-05,EMC2,Bittrex,1527917854369
225,414.76091476,0.009974999999978,2.405e-05,610.14800347,0.015680803689179002,2.57e-05,EMC2,Bittrex,1527917854369
226,2048.0,0.04923392,2.404e-05,1100.0,0.028325,2.575e-05,EMC2,Bittrex,1527917854369
227,1827.7014049,0.0438648337176,2.4e-05,582.84883721,0.015037500000018002,2.58e-05,EMC2,Bittrex,1527917854369
228,4799.68619246,0.11471249999979401,2.39e-05,580.5984556,0.015037500000039998,2.59e-05,EMC2,Bittrex,1527917854369
229,160.94141238,0.0038368432711392,2.384e-05,989.96579972,0.0256698131867396,2.593e-05,EMC2,Bittrex,1527917854369
230,1147.79411765,0.02731750000007,2.38e-05,795.35755291,0.0206315749224854,2.594e-05,EMC2,Bittrex,1527917854369
231,20.97392662,0.0004987599750236,2.378e-05,25.0,0.00064925,2.597e-05,EMC2,Bittrex,1527917854369
232,11824.8654012,0.280958801932512,2.376e-05,20.0,0.0005195999999999999,2.598e-05,EMC2,Bittrex,1527917854369
233,215.0,0.0051062500000000005,2.375e-05,5052.22774756,0.13135792143656,2.6e-05,EMC2,Bittrex,1527917854369
234,100.0,0.0023710000000000003,2.371e-05,1309.96830052,0.034098474862535595,2.603e-05,EMC2,Bittrex,1527917854369
235,631.32911392,0.014962499999904,2.37e-05,142.3296,0.0037119559680000003,2.608e-05,EMC2,Bittrex,1527917854369
236,2107.08789924,0.049874770575010795,2.367e-05,576.14942529,0.015037500000069,2.61e-05,EMC2,Bittrex,1527917854369
237,8435.61286998,0.19950224437502698,2.365e-05,382.92589763,0.010024999999953401,2.618e-05,EMC2,Bittrex,1527917854369
238,200.0,0.004728,2.364e-05,573.95038168,0.015037500000015998,2.62e-05,EMC2,Bittrex,1527917854369
239,4223.11600338,0.0997499999998356,2.362e-05,46.04579414,0.0012068602644094001,2.621e-05,EMC2,Bittrex,1527917854369
240,705.9155,0.016666664954999997,2.361e-05,153.63615886,0.0040283400853092,2.622e-05,EMC2,Bittrex,1527917854369
241,634.00423729,0.014962500000044,2.36e-05,1201.35244247,0.0315355016148375,2.625e-05,EMC2,Bittrex,1527917854369
242,200.0,0.004716000000000001,2.358e-05,1792.02478828,0.0470764911881156,2.627e-05,EMC2,Bittrex,1527917854369
243,330.21231529,0.0077765000250795,2.355e-05,25.31683042,0.0006653263034376,2.628e-05,EMC2,Bittrex,1527917854369
244,70.31626512,0.0016545417182736,2.353e-05,24.96178546,0.0006562453397434,2.629e-05,EMC2,Bittrex,1527917854369
245,3334.13896072,0.07835226557691999,2.35e-05,571.76806084,0.015037500000091998,2.63e-05,EMC2,Bittrex,1527917854369
246,424.64878672,0.0099750000000528,2.349e-05,26.73755896,0.0007037325518272,2.632e-05,EMC2,Bittrex,1527917854369
247,425.37270896,0.009974990025112,2.345e-05,81.79752762,0.0021586367538918,2.639e-05,EMC2,Bittrex,1527917854369
248,3660.17217308,0.085648028850072,2.34e-05,569.60227273,0.015037500000072,2.64e-05,EMC2,Bittrex,1527917854369
249,4277.44425386,0.09975000000001519,2.332e-05,24.20924238,0.0006393660912557999,2.641e-05,EMC2,Bittrex,1527917854369
250,642.16738197,0.014962499999901,2.33e-05,1565.24802451,0.0413538528075542,2.642e-05,EMC2,Bittrex,1527917854369
251,1286.54342218,0.029924999999906804,2.326e-05,5415.25306567,0.1432334435869715,2.645e-05,EMC2,Bittrex,1527917854369
252,250.0,0.0058125,2.325e-05,24.95772389,0.0006603813741294,2.646e-05,EMC2,Bittrex,1527917854369
253,46.9113663,0.0010888128118229999,2.321e-05,144.65004312,0.0038303331418175998,2.648e-05,EMC2,Bittrex,1527917854369
254,794.93534483,0.018442500000056,2.32e-05,4363.58579219,0.11563502349303499,2.65e-05,EMC2,Bittrex,1527917854369
255,100.0,0.002312,2.312e-05,25.06087245,0.000665616772272,2.656e-05,EMC2,Bittrex,1527917854369
256,647.72727273,0.014962500000062998,2.31e-05,1788.31154887,0.047569087199941996,2.66e-05,EMC2,Bittrex,1527917854369
257,4532.75563258,0.10461599999994639,2.308e-05,1091.43729419,0.029043146398395905,2.661e-05,EMC2,Bittrex,1527917854369
258,2487.73808,0.05724285322080001,2.301e-05,82.54290803,0.0021972922117586002,2.662e-05,EMC2,Bittrex,1527917854369
259,8076.67429891,0.18576350887493,2.3e-05,34.84394676,0.0009289396206216,2.666e-05,EMC2,Bittrex,1527917854369
260,52.21932115,0.001200000000027,2.298e-05,613.20224719,0.016372499999973,2.67e-05,EMC2,Bittrex,1527917854369
261,271.92351538,0.006186259974895001,2.275e-05,75.03742515,0.0020050000000080004,2.672e-05,EMC2,Bittrex,1527917854369
262,90.0,0.0020466,2.274e-05,1629.94193892,0.0436498451242776,2.678e-05,EMC2,Bittrex,1527917854369
263,22.0,0.00049962,2.271e-05,4397.30687062,0.117847824132616,2.68e-05,EMC2,Bittrex,1527917854369
264,3602.0302268,0.081549964334752,2.264e-05,3159.59096945,0.08480342162003801,2.684e-05,EMC2,Bittrex,1527917854369
265,1043.33333333,0.023474999999925,2.25e-05,230.46611863,0.0061880152852155,2.685e-05,EMC2,Bittrex,1527917854369
266,1000.0,0.02245,2.245e-05,6565.72449866,0.1765523317689674,2.689e-05,EMC2,Bittrex,1527917854369
267,200.0,0.00447,2.235e-05,12023.60028932,0.323434847782708,2.69e-05,EMC2,Bittrex,1527917854369
268,250.0,0.0055625,2.225e-05,139.96697385,0.0037679109360419997,2.692e-05,EMC2,Bittrex,1527917854369
269,10232.22367124,0.22736000997495281,2.222e-05,25.35344289,0.0006827682170277,2.693e-05,EMC2,Bittrex,1527917854369
270,753.8067,0.016666666137,2.211e-05,1146.0091589,0.030896406923944002,2.696e-05,EMC2,Bittrex,1527917854369
271,30.0,0.000663,2.21e-05,190.58081773,0.0051399646541781,2.697e-05,EMC2,Bittrex,1527917854369
272,400.0,0.008832,2.208e-05,167.36141786,0.0045170846680414,2.699e-05,EMC2,Bittrex,1527917854369
273,1356.52765186,0.0299250000000316,2.206e-05,23511.31537098,0.63480551501646,2.7e-05,EMC2,Bittrex,1527917854369
274,8169.01408451,0.17980000000006513,2.201e-05,55.63263041,0.0015037499999822998,2.703e-05,EMC2,Bittrex,1527917854369
275,3690.315,0.08118693,2.2e-05,20.0,0.000541,2.705e-05,EMC2,Bittrex,1527917854369
276,23.36232201,0.0005121020984592,2.192e-05,82.01428454,0.0022217669681886,2.709e-05,EMC2,Bittrex,1527917854369
277,275.3081867,0.006023743124996,2.188e-05,554.88929889,0.015037499999919,2.71e-05,EMC2,Bittrex,1527917854369
278,915.13761468,0.019950000000024,2.18e-05,224.06491793,0.0060743999250823,2.711e-05,EMC2,Bittrex,1527917854369
279,1100.0,0.023958,2.178e-05,356.98073802,0.0096813176151024,2.712e-05,EMC2,Bittrex,1527917854369
280,250.0,0.0054375,2.175e-05,184.41869021,0.0050124999999078,2.718e-05,EMC2,Bittrex,1527917854369
281,2400.0,0.05217599999999999,2.174e-05,1552.84926471,0.042237500000112,2.72e-05,EMC2,Bittrex,1527917854369
282,1274.08659802,0.027685901774974604,2.173e-05,3112.15816761,0.0848996748124008,2.728e-05,EMC2,Bittrex,1527917854369
283,45.92541436,0.0009974999998992,2.172e-05,2996.52421412,0.081805111045476,2.73e-05,EMC2,Bittrex,1527917854369
284,460.82949309,0.010000000000053,2.17e-05,1203.30961685,0.032862385636173504,2.731e-05,EMC2,Bittrex,1527917854369
285,15604.80416156,0.33550328947354,2.15e-05,23.09971437,0.0006310841965884,2.732e-05,EMC2,Bittrex,1527917854369
286,46.53327129,0.0010000000000221,2.149e-05,809.63065165,0.02218387985521,2.74e-05,EMC2,Bittrex,1527917854369
287,1235.0,0.02649075,2.145e-05,743.0,0.020410209999999998,2.747e-05,EMC2,Bittrex,1527917854369
288,146.28681786,0.0031363893749184004,2.144e-05,543.63786659,0.014939168573893201,2.748e-05,EMC2,Bittrex,1527917854369
289,1074.26370504,0.022999985924906402,2.141e-05,2204.0,0.060587959999999996,2.749e-05,EMC2,Bittrex,1527917854369
290,12698.36448598,0.271744999999972,2.14e-05,1434.46503725,0.039447788524375,2.75e-05,EMC2,Bittrex,1527917854369
291,932.67882188,0.0199500000000132,2.139e-05,20.2,0.0005557019999999999,2.751e-05,EMC2,Bittrex,1527917854369
292,10000.0,0.2135,2.135e-05,78.54136412,0.0021614583405824,2.752e-05,EMC2,Bittrex,1527917854369
293,125.0,0.0026637500000000003,2.131e-05,200.0,0.005514,2.757e-05,EMC2,Bittrex,1527917854369
294,250.0,0.0053125,2.125e-05,811.635476,0.02238490642808,2.758e-05,EMC2,Bittrex,1527917854369
295,5300.23696683,0.111835000000113,2.11e-05,4808.14263076,0.1326566551826684,2.759e-05,EMC2,Bittrex,1527917854369
296,1409.96145,0.02960919045,2.1e-05,694.83695652,0.019177499999951997,2.76e-05,EMC2,Bittrex,1527917854369
297,57.38880918,0.0011999999999538,2.091e-05,9308.73089057,0.25710714719754335,2.762e-05,EMC2,Bittrex,1527917854369
298,300.0,0.006254999999999999,2.085e-05,14772.0,0.40815036000000005,2.763e-05,EMC2,Bittrex,1527917854369
299,965.6340755,0.01994999999983,2.066e-05,3861.7386531,0.10697016069087,2.77e-05,EMC2,Bittrex,1527917854369
300,250.0,0.005137500000000001,2.055e-05,4897.28285903,0.1360954906524437,2.779e-05,EMC2,Bittrex,1527917854369
301,3168.22743423,0.0280071305185932,8.84e-06,4741.54627444,0.042436839156238006,8.95e-06,THC,Bittrex,1527917854708
302,561.17850083,0.0049552061623289,8.83e-06,595.39770815,0.005334763465024,8.96e-06,THC,Bittrex,1527917854708
303,436.16559904,0.0038469805835328005,8.82e-06,4171.97598157,0.0374226245546829,8.97e-06,THC,Bittrex,1527917854708
304,863.708506,0.007600634852800001,8.8e-06,11163.82679126,0.10025116458551481,8.98e-06,THC,Bittrex,1527917854708
305,7188.20119557,0.0631842885090603,8.79e-06,5780.89807031,0.05202808263279,9e-06,THC,Bittrex,1527917854708
306,1817.40798428,0.015884145782607197,8.74e-06,4786.82729016,0.043320786975948,9.05e-06,THC,Bittrex,1527917854708
307,6479.58787795,0.056566802174503494,8.73e-06,1763.16092907,0.016044764454536998,9.1e-06,THC,Bittrex,1527917854708
308,437.24057975,0.0038127378554199997,8.72e-06,5691.06321418,0.051845585881179795,9.11e-06,THC,Bittrex,1527917854708
309,250.0,0.0021675,8.67e-06,55.0,0.0005016,9.12e-06,THC,Bittrex,1527917854708
310,2500.0,0.02165,8.66e-06,1247.0,0.01138511,9.13e-06,THC,Bittrex,1527917854708
311,11531.79190751,0.0997499999999615,8.65e-06,13755.16096663,0.1258597228446645,9.15e-06,THC,Bittrex,1527917854708
312,15081.7840938,0.13000497888855603,8.62e-06,2246.62162162,0.020668918918904,9.2e-06,THC,Bittrex,1527917854708
313,2381.54144335,0.020505071827243503,8.61e-06,235.62135935,0.0021794975739874997,9.25e-06,THC,Bittrex,1527917854708
314,6924.88372093,0.059553999999998004,8.6e-06,888.88888889,0.0082400000000103,9.27e-06,THC,Bittrex,1527917854708
315,10000.0,0.0857,8.57e-06,2311.70336037,0.021730011587478,9.4e-06,THC,Bittrex,1527917854708
316,7081.91585281,0.06040874222446929,8.53e-06,316.32575693,0.0029829518878499,9.43e-06,THC,Bittrex,1527917854708
317,31335.0,0.2669742,8.52e-06,1046.64098388,0.009890757297666,9.45e-06,THC,Bittrex,1527917854708
318,64.46827262,0.0005486249999961999,8.51e-06,4513.57466063,0.0427886877827724,9.48e-06,THC,Bittrex,1527917854708
319,21304.40440294,0.18108743742499,8.5e-06,4000.0,0.03796,9.49e-06,THC,Bittrex,1527917854708
320,2500.0,0.021225,8.49e-06,15092.79061917,0.143381510882115,9.5e-06,THC,Bittrex,1527917854708
321,74.34751417,0.0006289799698782,8.46e-06,247.40242722,0.0023552711071344,9.52e-06,THC,Bittrex,1527917854708
322,3641.65680473,0.0307719999999685,8.45e-06,5226.7987487,0.050125000000033,9.59e-06,THC,Bittrex,1527917854708
323,22394.76101659,0.18833994014952193,8.41e-06,8273.74966225,0.0794279967576,9.6e-06,THC,Bittrex,1527917854708
324,43367.652,0.3642882768,8.4e-06,5000.0,0.0481,9.62e-06,THC,Bittrex,1527917854708
325,3079.52689134,0.025775640080515798,8.37e-06,62.33160622,0.000601500000023,9.65e-06,THC,Bittrex,1527917854708
326,1793.47788636,0.014975540351106,8.35e-06,1423.52992508,0.013779769674774402,9.68e-06,THC,Bittrex,1527917854708
327,6162.53386056,0.0513339070584648,8.33e-06,26327.9445727,0.255117782909463,9.69e-06,THC,Bittrex,1527917854708
328,14000.0,0.11648,8.32e-06,13814.19938961,0.133997734079217,9.7e-06,THC,Bittrex,1527917854708
329,9168.45755422,0.076098197700026,8.3e-06,1000.0,0.00972,9.72e-06,THC,Bittrex,1527917854708
330,1200.16256953,0.0099253444500131,8.27e-06,785.23687032,0.0076482071169168,9.74e-06,THC,Bittrex,1527917854708
331,8453.3898305,0.06982499999993001,8.26e-06,17517.74014715,0.1707979664347125,9.75e-06,THC,Bittrex,1527917854708
332,2864.45484813,0.0236317524970725,8.25e-06,339.13732762,0.0033099803175712,9.76e-06,THC,Bittrex,1527917854708
333,10000.0,0.0824,8.24e-06,571.19118488,0.0055805378762776,9.77e-06,THC,Bittrex,1527917854708
334,2924.05832321,0.0240650000000183,8.23e-06,209.25303224,0.0020464946553072,9.78e-06,THC,Bittrex,1527917854708
335,93472.62773723,0.7683450000000305,8.22e-06,73.88211974,0.0007233059522545999,9.79e-06,THC,Bittrex,1527917854708
336,789.73812424,0.0064837500000104,8.21e-06,1753.44387755,0.01718374999999,9.8e-06,THC,Bittrex,1527917854708
337,1304.11585366,0.010693750000012,8.2e-06,3752.51391998,0.036887211833403405,9.83e-06,THC,Bittrex,1527917854708
338,3715.41891026,0.030429280875029396,8.19e-06,2080.30899628,0.020470240523395203,9.84e-06,THC,Bittrex,1527917854708
339,1621.85207823,0.013266749999921399,8.18e-06,727.31642227,0.0071640667593595,9.85e-06,THC,Bittrex,1527917854708
340,122.09302325,0.0009974999999525,8.17e-06,124.0,0.0012251200000000001,9.88e-06,THC,Bittrex,1527917854708
341,20416.26470588,0.1665967199999808,8.16e-06,55.0,0.00054395,9.89e-06,THC,Bittrex,1527917854708
342,199.98729997,0.0016298964947555,8.15e-06,4816.32889155,0.047681656026345,9.9e-06,THC,Bittrex,1527917854708
343,62.57380074,0.0005087250000162001,8.13e-06,30590.9617613,0.30315643105448303,9.91e-06,THC,Bittrex,1527917854708
344,381.5406751,0.003094294875061,8.11e-06,5513.26237024,0.0546915627127808,9.92e-06,THC,Bittrex,1527917854708
345,56158.03543519,0.454880087025039,8.1e-06,308.23639308,0.0030607873832844,9.93e-06,THC,Bittrex,1527917854708
346,65.0,0.00052585,8.09e-06,1366.14861328,0.0135795172160032,9.94e-06,THC,Bittrex,1527917854708
347,6171.05720606,0.0498621422249648,8.08e-06,15093.0461957,0.150175809647215,9.95e-06,THC,Bittrex,1527917854708
348,483.07588668,0.0038935916466408004,8.06e-06,6136.53619411,0.0611199004933356,9.96e-06,THC,Bittrex,1527917854708
349,7744.56521739,0.06234374999998949,8.05e-06,676.47390593,0.006751209581181399,9.98e-06,THC,Bittrex,1527917854708
350,6372.09452008,0.051167918996242394,8.03e-06,19029.4957184,0.190104662226816,9.99e-06,THC,Bittrex,1527917854708
351,76969.45137157,0.6172949999999914,8.02e-06,28301.94861016,0.28301948610160005,1e-05,THC,Bittrex,1527917854708
352,444.53183521,0.0035607000000320997,8.01e-06,17907.507125,0.17925414632125,1.001e-05,THC,Bittrex,1527917854708
353,1573.4375,0.0125875,8e-06,219.62338949,0.0022116075321643,1.007e-05,THC,Bittrex,1527917854708
354,2500.0,0.019925,7.97e-06,300.0,0.00303,1.01e-05,THC,Bittrex,1527917854708
355,244.09860235,0.001938142902659,7.94e-06,500.0,0.005055,1.011e-05,THC,Bittrex,1527917854708
356,320.12681013,0.0025290018000270003,7.9e-06,208.18736211,0.0021068561045532,1.012e-05,THC,Bittrex,1527917854708
357,2521.60090446,0.019794567100011,7.85e-06,2139.03743316,0.0216684491979108,1.013e-05,THC,Bittrex,1527917854708
358,38267.26342711,0.29925000000000024,7.82e-06,1284.64688427,0.0130648588130259,1.017e-05,THC,Bittrex,1527917854708
359,639.42307692,0.004987499999976,7.8e-06,49.7508375,0.0005074585425,1.02e-05,THC,Bittrex,1527917854708
360,4021.99783505,0.031210703199988,7.76e-06,399.0,0.0041097,1.03e-05,THC,Bittrex,1527917854708
361,217.06193762,0.0016757181584264001,7.72e-06,194.70172961,0.0020073748322791,1.031e-05,THC,Bittrex,1527917854708
362,1500.0,0.01143,7.62e-06,2686.0003129,0.027746383232257,1.033e-05,THC,Bittrex,1527917854708
363,414.7129249,0.003147671099991,7.59e-06,500.0,0.00519,1.038e-05,THC,Bittrex,1527917854708
364,371.54569659,0.0028088854662203996,7.56e-06,499.56,0.0051904284000000005,1.039e-05,THC,Bittrex,1527917854708
365,39793.88297872,0.2992499999999744,7.52e-06,32184.11802839,0.334714827495256,1.04e-05,THC,Bittrex,1527917854708
366,54986.50346205,0.4129486409999955,7.51e-06,53.86069115,0.0005606897948715001,1.041e-05,THC,Bittrex,1527917854708
367,7908.62114966,0.05931465862245,7.5e-06,500.0,0.005225,1.045e-05,THC,Bittrex,1527917854708
368,200.0,0.001486,7.43e-06,8000.0,0.08368,1.046e-05,THC,Bittrex,1527917854708
369,4183.31603773,0.031040204999956602,7.42e-06,1914.99522445,0.020049999999991498,1.047e-05,THC,Bittrex,1527917854708
370,11101.83344087,0.0811544024527597,7.31e-06,161.48071468,0.0016923178898464,1.048e-05,THC,Bittrex,1527917854708
371,3000.0,0.02172,7.24e-06,3101.0,0.03252949,1.049e-05,THC,Bittrex,1527917854708
372,1000.0,0.00723,7.23e-06,27168.55110634,0.28526978661657,1.05e-05,THC,Bittrex,1527917854708
373,55263.15789474,0.3990000000000228,7.22e-06,16094.91953395,0.16980140108317252,1.055e-05,THC,Bittrex,1527917854708
374,476.67449305,0.00343205634996,7.2e-06,42000.0,0.44352,1.056e-05,THC,Bittrex,1527917854708
375,2798.03646564,0.019950000000013204,7.13e-06,343.63459464,0.0036322176653448,1.057e-05,THC,Bittrex,1527917854708
376,206.91240845,0.0014690780999949999,7.1e-06,29000.74714302,0.3068279047731516,1.058e-05,THC,Bittrex,1527917854708
377,218.0327015,0.00154367152662,7.08e-06,650.150015,0.006891590159000001,1.06e-05,THC,Bittrex,1527917854708
378,6353.55807365,0.044856119999968996,7.06e-06,115.21677303,0.0012236021295786,1.062e-05,THC,Bittrex,1527917854708
379,3547.2972973,0.024937500000019,7.03e-06,109.76948408,0.0011668496157704,1.063e-05,THC,Bittrex,1527917854708
380,74302.8076923,0.521605709999946,7.02e-06,829.14739842,0.008830419793172999,1.065e-05,THC,Bittrex,1527917854708
381,6000.0,0.04206,7.01e-06,85.57926829,0.0009122749999714,1.066e-05,THC,Bittrex,1527917854708
382,1383.75,0.00968625,7e-06,150.0,0.0016005,1.067e-05,THC,Bittrex,1527917854708
383,5000.0,0.034800000000000005,6.96e-06,783.97513344,0.008388533927807999,1.07e-05,THC,Bittrex,1527917854708
384,1100.0,0.007645000000000001,6.95e-06,52.0,0.00055692,1.071e-05,THC,Bittrex,1527917854708
385,261.8119797,0.0018169751391179999,6.94e-06,1326.76763112,0.014236216681917602,1.073e-05,THC,Bittrex,1527917854708
386,289.13043478,0.001994999999982,6.9e-06,2300.300075,0.024728225806250004,1.075e-05,THC,Bittrex,1527917854708
387,88195.38123167,0.6014924999999894,6.82e-06,325.78922933,0.0035087499998841002,1.077e-05,THC,Bittrex,1527917854708
388,10359.79228487,0.0698250000000238,6.74e-06,1807.48829026,0.019520873534808,1.08e-05,THC,Bittrex,1527917854708
389,9950.0,0.066068,6.64e-06,1760.46291408,0.0190482087303456,1.082e-05,THC,Bittrex,1527917854708
390,550.0,0.00363,6.6e-06,856.24638893,0.009281710856001199,1.084e-05,THC,Bittrex,1527917854708
391,10000.0,0.0658,6.58e-06,500.40014001,0.005429341519108499,1.085e-05,THC,Bittrex,1527917854708
392,11576.61864155,0.07605838447498349,6.57e-06,1083.42361863,0.0117659804983218,1.086e-05,THC,Bittrex,1527917854708
393,7602.89634146,0.049874999999977604,6.56e-06,100.0,0.001088,1.088e-05,THC,Bittrex,1527917854708
394,101244.01840491,0.6601110000000132,6.52e-06,5356.06263285,0.05838108269806501,1.09e-05,THC,Bittrex,1527917854708
395,250.0,0.0016275,6.51e-06,595.50022503,0.0065207274640785,1.095e-05,THC,Bittrex,1527917854708
396,556.92307692,0.0036199999999799995,6.5e-06,3655.42388331,0.0400999999999107,1.097e-05,THC,Bittrex,1527917854708
397,620.0,0.0040238,6.49e-06,294.13500842,0.0032325437425358003,1.099e-05,THC,Bittrex,1527917854708
398,7696.75925926,0.0498750000000048,6.48e-06,12226.17476741,0.13448792244151,1.1e-05,THC,Bittrex,1527917854708
399,2000.0,0.0129,6.45e-06,500.55027505,0.0055110585283005,1.101e-05,THC,Bittrex,1527917854708
400,20135.96869565,0.129675638399986,6.44e-06,500.60033007,0.0055416456538749,1.107e-05,THC,Bittrex,1527917854708
401,855.7181093,0.038900945248778004,4.546e-05,1158.74327892,0.05272281919086,4.55e-05,VTR,Bittrex,1527917855065
402,4000.0,0.1818,4.545e-05,137.42362983,0.0064506651842202,4.694e-05,VTR,Bittrex,1527917855065
403,43.08036255,0.0019480939945109997,4.522e-05,43.37687599,0.0020365443277305002,4.695e-05,VTR,Bittrex,1527917855065
404,2067.76684308,0.0934837389756468,4.521e-05,128.07876742,0.006019702068739999,4.7e-05,VTR,Bittrex,1527917855065
405,4955.40078808,0.2237858995896928,4.516e-05,625.78222778,0.029662077596772,4.74e-05,VTR,Bittrex,1527917855065
406,220.0,0.0099,4.5e-05,1054.6298,0.049999998818,4.741e-05,VTR,Bittrex,1527917855065
407,13.35749329,0.0005974806748617,4.473e-05,358.11780825,0.017189654796,4.8e-05,VTR,Bittrex,1527917855065
408,2249.7187,0.099999996215,4.445e-05,21.81864996,0.0010494770630759998,4.81e-05,VTR,Bittrex,1527917855065
409,37111.36757238,1.6470024928622242,4.438e-05,100.0,0.004812,4.812e-05,VTR,Bittrex,1527917855065
410,227.16946842,0.0100249886413746,4.413e-05,303.2021715,0.014614344666300001,4.82e-05,VTR,Bittrex,1527917855065
411,117.20581341,0.005000000000070601,4.266e-05,21.81864996,0.001053840793068,4.83e-05,VTR,Bittrex,1527917855065
412,28.09546765,0.0011940573751250002,4.25e-05,46.16271504,0.0022301207635824004,4.831e-05,VTR,Bittrex,1527917855065
413,2478.9291,0.09999999989399999,4.034e-05,21.81864996,0.0010560226580639998,4.84e-05,VTR,Bittrex,1527917855065
414,248.02,0.0100001664,4.032e-05,41.94833452,0.0020340747408748,4.849e-05,VTR,Bittrex,1527917855065
415,12.7044588,0.000508432441176,4.002e-05,71.81864996,0.00348320452306,4.85e-05,VTR,Bittrex,1527917855065
416,12.73446907,0.0005095061074907,4.001e-05,21.32697359,0.0010364909164740001,4.86e-05,VTR,Bittrex,1527917855065
417,64.8375,0.0025935000000000003,4e-05,128.32697359,0.006249523613832999,4.87e-05,VTR,Bittrex,1527917855065
418,251.00654252,0.0099749999997448,3.974e-05,21.32697359,0.001040756311192,4.88e-05,VTR,Bittrex,1527917855065
419,2400.0,0.09528,3.97e-05,21.32697359,0.0010428890085510002,4.89e-05,VTR,Bittrex,1527917855065
420,25.3164557,0.0010000000001499998,3.95e-05,21.32697359,0.00104502170591,4.9e-05,VTR,Bittrex,1527917855065
421,255.44174136,0.009975000000108,3.905e-05,21.32697359,0.001047154403269,4.91e-05,VTR,Bittrex,1527917855065
422,1337.4485,0.05199999768,3.888e-05,21.32697359,0.0010492871006280002,4.92e-05,VTR,Bittrex,1527917855065
423,130.68478829,0.0049999999999754,3.826e-05,213.60357328,0.0105263840912384,4.928e-05,VTR,Bittrex,1527917855065
424,1044.5026178,0.03989999999996,3.82e-05,21.32697359,0.001051419797987,4.93e-05,VTR,Bittrex,1527917855065
425,55.5482625,0.002110833975,3.8e-05,57.71578389,0.0028465424614548,4.932e-05,VTR,Bittrex,1527917855065
426,13308.49,0.4999999693,3.757e-05,30.88962108,0.0015237850078764,4.933e-05,VTR,Bittrex,1527917855065
427,53115.01597444,1.9949999999999664,3.756e-05,387.69337252,0.0191442987350376,4.938e-05,VTR,Bittrex,1527917855065
428,68.906768,0.0025840038,3.75e-05,21.32697359,0.001053552495346,4.94e-05,VTR,Bittrex,1527917855065
429,945.22131,0.03308274585,3.5e-05,21.32697359,0.001055685192705,4.95e-05,VTR,Bittrex,1527917855065
430,2891.30434783,0.099750000000135,3.45e-05,21.32697359,0.0010578178900640001,4.96e-05,VTR,Bittrex,1527917855065
431,32.53059169,0.0010901001275319,3.351e-05,21.32697359,0.001059950587423,4.97e-05,VTR,Bittrex,1527917855065
432,47.81306171,0.0015959999998798001,3.338e-05,21.32697359,0.001062083284782,4.98e-05,VTR,Bittrex,1527917855065
433,300.45180722,0.009974999999704,3.32e-05,21.32697359,0.0010642159821410001,4.99e-05,VTR,Bittrex,1527917855065
434,32.62548575,0.0010074749999600002,3.088e-05,813.35390385,0.040651428114423,4.998e-05,VTR,Bittrex,1527917855065
435,17.27528752,0.0005236139647312,3.031e-05,7223.80578872,0.3611180513781128,4.999e-05,VTR,Bittrex,1527917855065
436,17.27528752,0.000523441211856,3.03e-05,21724.50352462,1.086225176231,5e-05,VTR,Bittrex,1527917855065
437,4000.0,0.12116,3.029e-05,25.0,0.00125125,5.005e-05,VTR,Bittrex,1527917855065
438,83125.0,2.49375,3e-05,710.47902994,0.0357868287380778,5.037e-05,VTR,Bittrex,1527917855065
439,16.9071178,0.0004987599751000001,2.95e-05,2236.29326263,0.112932809762815,5.05e-05,VTR,Bittrex,1527917855065
440,4000.0,0.10247999999999999,2.562e-05,235.45587869,0.011909358344140199,5.058e-05,VTR,Bittrex,1527917855065
441,88.27433628,0.001994999999928,2.26e-05,14.75389396,0.0007537764424164,5.109e-05,VTR,Bittrex,1527917855065
442,32.2777809,0.0006675045090120001,2.068e-05,10.35264183,0.000529019997513,5.11e-05,VTR,Bittrex,1527917855065
443,32.28624803,0.0006673567467801,2.067e-05,60.58158319,0.0030963247168409,5.111e-05,VTR,Bittrex,1527917855065
444,241.40851888,0.0049875000000608,2.066e-05,99.16699722,0.0050743752477474,5.117e-05,VTR,Bittrex,1527917855065
445,2400.0,0.048960000000000004,2.04e-05,19.86886548,0.0010168885352664,5.118e-05,VTR,Bittrex,1527917855065
446,24.92553598,0.0004987599749597999,2.001e-05,188.17780693,0.009704329503380101,5.157e-05,VTR,Bittrex,1527917855065
447,460.02929729,0.0086577513749978,1.882e-05,458.9745516,0.02379783050046,5.185e-05,VTR,Bittrex,1527917855065
448,4000.0,0.07404000000000001,1.851e-05,300.64817657,0.015600633882217298,5.189e-05,VTR,Bittrex,1527917855065
449,37.64226226,0.000498759974945,1.325e-05,50.0,0.0026,5.2e-05,VTR,Bittrex,1527917855065
450,66.79453622,0.0007668012758055999,1.148e-05,320.65329606,0.016706036724726,5.21e-05,VTR,Bittrex,1527917855065
451,66.89651527,0.0007673030301469,1.147e-05,959.50873,0.0499999999203,5.211e-05,VTR,Bittrex,1527917855065
452,10000.0,0.11460000000000001,1.146e-05,216.76905349,0.0113652014744807,5.243e-05,VTR,Bittrex,1527917855065
453,51.25899281,0.0004987500000413,9.73e-06,200.0,0.010544,5.272e-05,VTR,Bittrex,1527917855065
454,10000.0,0.0822,8.22e-06,90.0,0.0047529,5.281e-05,VTR,Bittrex,1527917855065
455,210.65960416,0.0008700241651808,4.13e-06,296.68175212,0.015679630599542,5.285e-05,VTR,Bittrex,1527917855065
456,211.29970041,0.0008705547656892001,4.12e-06,943.93052,0.0499999996444,5.297e-05,VTR,Bittrex,1527917855065
457,20000.0,0.0822,4.11e-06,1571.07566713,0.0832355888445474,5.298e-05,VTR,Bittrex,1527917855065
458,80000.0,0.1168,1.46e-06,600.0,0.031794,5.299e-05,VTR,Bittrex,1527917855065
459,4938.11881188,0.0049874999999988,1.01e-06,121.4222561,0.0064353795733,5.3e-05,VTR,Bittrex,1527917855065
460,,,,1750.30707142,0.09308133005811561,5.318e-05,VTR,Bittrex,1527917855065
461,,,,425.01065189,0.022746570089152804,5.352e-05,VTR,Bittrex,1527917855065
462,,,,40.0,0.0021516,5.379e-05,VTR,Bittrex,1527917855065
463,,,,97.0,0.00523315,5.395e-05,VTR,Bittrex,1527917855065
464,,,,18.82075472,0.00101632075488,5.4e-05,VTR,Bittrex,1527917855065
465,,,,20.0,0.0010840000000000001,5.42e-05,VTR,Bittrex,1527917855065
466,,,,17.8765448,0.00097069638264,5.43e-05,VTR,Bittrex,1527917855065
467,,,,19.58646,0.001066482747,5.445e-05,VTR,Bittrex,1527917855065
468,,,,74.09840336,0.0040391039671536,5.451e-05,VTR,Bittrex,1527917855065
469,,,,13.0775,0.0007135084,5.456e-05,VTR,Bittrex,1527917855065
470,,,,1100.0,0.060434,5.494e-05,VTR,Bittrex,1527917855065
471,,,,1819.505,0.0999999948,5.496e-05,VTR,Bittrex,1527917855065
472,,,,3532.81138381,0.19430462610955,5.5e-05,VTR,Bittrex,1527917855065
473,,,,3171.57667998,0.1764030949404876,5.562e-05,VTR,Bittrex,1527917855065
474,,,,2149.78435547,0.12038792390631999,5.6e-05,VTR,Bittrex,1527917855065
475,,,,583.33333333,0.0329058333331453,5.641e-05,VTR,Bittrex,1527917855065
476,,,,114.17688816,0.0064726877897904,5.669e-05,VTR,Bittrex,1527917855065
477,,,,55.31997001,0.0031499190923694,5.694e-05,VTR,Bittrex,1527917855065
478,,,,26.38712577,0.0015038022976323001,5.699e-05,VTR,Bittrex,1527917855065
479,,,,123.3269586,0.0070296366402,5.7e-05,VTR,Bittrex,1527917855065
480,,,,165.47498649,0.009433728979794899,5.701e-05,VTR,Bittrex,1527917855065
481,,,,1753.7706,0.099999999612,5.702e-05,VTR,Bittrex,1527917855065
482,,,,2853.78640762,0.1630082796032544,5.712e-05,VTR,Bittrex,1527917855065
483,,,,50.94674374,0.0029197578837394,5.731e-05,VTR,Bittrex,1527917855065
484,,,,247.0,0.014281539999999999,5.782e-05,VTR,Bittrex,1527917855065
485,,,,20.93467221,0.0012137922947357998,5.798e-05,VTR,Bittrex,1527917855065
486,,,,489.819725,0.02840954405,5.8e-05,VTR,Bittrex,1527917855065
487,,,,71.15109952,0.0041602047889344,5.847e-05,VTR,Bittrex,1527917855065
488,,,,130.0,0.0076349,5.873e-05,VTR,Bittrex,1527917855065
489,,,,56.8006993,0.003350673251707,5.899e-05,VTR,Bittrex,1527917855065
490,,,,274.58793543,0.01620068819037,5.9e-05,VTR,Bittrex,1527917855065
491,,,,13.0,0.0007676499999999999,5.905e-05,VTR,Bittrex,1527917855065
492,,,,200.0,0.011824000000000001,5.912e-05,VTR,Bittrex,1527917855065
493,,,,179.66498559,0.010627183897648499,5.915e-05,VTR,Bittrex,1527917855065
494,,,,29.99347943,0.0017846120260850001,5.95e-05,VTR,Bittrex,1527917855065
495,,,,29.0,0.0017284,5.96e-05,VTR,Bittrex,1527917855065
496,,,,13161.85748794,0.785762892030018,5.97e-05,VTR,Bittrex,1527917855065
497,,,,2603.45032471,0.1557644329273993,5.983e-05,VTR,Bittrex,1527917855065
498,,,,810.0,0.048519,5.99e-05,VTR,Bittrex,1527917855065
499,,,,117.02,0.007015349,5.995e-05,VTR,Bittrex,1527917855065
500,,,,114.0,0.00683886,5.999e-05,VTR,Bittrex,1527917855065
501,346.1954404,0.01145906907724,3.31e-05,1746.88188553,0.0583982614332679,3.343e-05,CURE,Bittrex,1527917855480
502,51.85955677,0.00171136537341,3.3e-05,3363.63636365,0.11325363636409551,3.367e-05,CURE,Bittrex,1527917855480
503,37.98021435,0.0012491692499715,3.289e-05,272.03482045,0.0092083786722325,3.385e-05,CURE,Bittrex,1527917855480
504,303.56055995,0.009974999999957001,3.286e-05,62.27081744,0.0021084898785184,3.386e-05,CURE,Bittrex,1527917855480
505,5000.0,0.16419999999999998,3.284e-05,80.0,0.00278,3.475e-05,CURE,Bittrex,1527917855480
506,15.60751978,0.0005117705735862001,3.279e-05,18.48271404,0.0006520701513312001,3.528e-05,CURE,Bittrex,1527917855480
507,15.34646077,0.000498759975025,3.25e-05,5332.44680851,0.19047499999997716,3.572e-05,CURE,Bittrex,1527917855480
508,153.50877193,0.0049875000000057,3.249e-05,3691.82322754,0.1324626174041352,3.588e-05,CURE,Bittrex,1527917855480
509,2373.33357985,0.0768248079797445,3.237e-05,753.899,0.027057435109999996,3.589e-05,CURE,Bittrex,1527917855480
510,39.40587376,0.0012751740748736,3.236e-05,8089.17640512,0.2907250000000128,3.594e-05,CURE,Bittrex,1527917855480
511,2250.0,0.0723825,3.217e-05,5612.76361164,0.2020033623829236,3.599e-05,CURE,Bittrex,1527917855480
512,156.10365283,0.0050000000001449,3.203e-05,38.49,0.00138564,3.6e-05,CURE,Bittrex,1527917855480
513,420.8203125,0.013466249999999999,3.2e-05,212.53620179,0.007661930074529501,3.605e-05,CURE,Bittrex,1527917855480
514,313.0,0.00998783,3.191e-05,54.02453802,0.0019497455771418002,3.609e-05,CURE,Bittrex,1527917855480
515,156.49513649,0.0049874999999363,3.187e-05,1146.46030381,0.0414101461736172,3.612e-05,CURE,Bittrex,1527917855480
516,158.23286802,0.004987499999990401,3.152e-05,112.78287664,0.004082740134368,3.62e-05,CURE,Bittrex,1527917855480
517,634.71913678,0.0199999999999378,3.151e-05,5322.08185068,0.19281902545013638,3.623e-05,CURE,Bittrex,1527917855480
518,31.66666667,0.0009975000001050001,3.15e-05,3406.48267735,0.123450932227164,3.624e-05,CURE,Bittrex,1527917855480
519,6351.48042025,0.1995000000000525,3.141e-05,741.72002532,0.027050529323420402,3.647e-05,CURE,Bittrex,1527917855480
520,22.30699855,0.0006939707248905,3.111e-05,472.87979876,0.0172553838567524,3.649e-05,CURE,Bittrex,1527917855480
521,5041.419631,0.156284008561,3.1e-05,870.13856116,0.031812265796009605,3.656e-05,CURE,Bittrex,1527917855480
522,106.32267442,0.0032917500000432002,3.096e-05,5087.4732906,0.190475000000064,3.744e-05,CURE,Bittrex,1527917855480
523,33.50393792,0.0010362767998655998,3.093e-05,5000.0,0.18765,3.753e-05,CURE,Bittrex,1527917855480
524,43.08054387,0.0013307580001443,3.089e-05,26.95967343,0.0010182668654511,3.777e-05,CURE,Bittrex,1527917855480
525,549.14668475,0.01695764962508,3.088e-05,19.43181818,0.0007382147726582001,3.799e-05,CURE,Bittrex,1527917855480
526,43.98962366,0.0013575197861475999,3.086e-05,31.21520685,0.0011889872289165002,3.809e-05,CURE,Bittrex,1527917855480
527,20.24451857,0.0006235311719560001,3.08e-05,270.7825616,0.010324939073808001,3.813e-05,CURE,Bittrex,1527917855480
528,51.55894771,0.0015874999999909,3.079e-05,19.52326944,0.0007477412195520001,3.83e-05,CURE,Bittrex,1527917855480
529,44.26973568,0.0013604089774463999,3.073e-05,27.0747611,0.001038858583407,3.837e-05,CURE,Bittrex,1527917855480
530,16.56171801,0.0005074510398264,3.064e-05,20.0,0.0007700000000000001,3.85e-05,CURE,Bittrex,1527917855480
531,64.09659834,0.0019632788071542004,3.063e-05,52.213334,0.0020154346924,3.86e-05,CURE,Bittrex,1527917855480
532,52.09150327,0.0015940000000619998,3.06e-05,59.42216044,0.0023079567114896,3.884e-05,CURE,Bittrex,1527917855480
533,75.29239461,0.0022994297313894004,3.054e-05,113.61899889,0.0044152342968654,3.886e-05,CURE,Bittrex,1527917855480
534,59.70146541,0.0018197006656967998,3.048e-05,176.522156,0.00686141620372,3.887e-05,CURE,Bittrex,1527917855480
535,67.86120552,0.002062980647808,3.04e-05,12.87843724,0.0005007136398912,3.888e-05,CURE,Bittrex,1527917855480
536,830.0,0.0249166,3.002e-05,12.9998,0.0005055622220000001,3.889e-05,CURE,Bittrex,1527917855480
537,716.375,0.02149125,3e-05,5825.24590075,0.22718459012925,3.9e-05,CURE,Bittrex,1527917855480
538,16.79340184,0.000498764034648,2.97e-05,1852.34188939,0.0722783805239978,3.902e-05,CURE,Bittrex,1527917855480
539,2137.98868313,0.0623437500000708,2.916e-05,12.98898872,0.0005113764859064,3.937e-05,CURE,Bittrex,1527917855480
540,6848.27819869,0.1994903439278397,2.913e-05,987.0,0.0389865,3.95e-05,CURE,Bittrex,1527917855480
541,3512.32394366,0.09974999999994401,2.84e-05,478.21945495,0.0190474808906585,3.983e-05,CURE,Bittrex,1527917855480
542,5315.27531082,0.149624999999583,2.815e-05,2349.91563405,0.093996625362,4e-05,CURE,Bittrex,1527917855480
543,5000.0,0.13999999999999999,2.8e-05,230.26315789,0.0092220394734945,4.005e-05,CURE,Bittrex,1527917855480
544,362.06896552,0.009975000000076,2.755e-05,131.8208925,0.005308427340975,4.027e-05,CURE,Bittrex,1527917855480
545,92.0,0.00250424,2.722e-05,10743.76525982,0.4390976861688434,4.087e-05,CURE,Bittrex,1527917855480
546,7336.90555435,0.19949046202277648,2.719e-05,1213.02577919,0.049734056946790006,4.1e-05,CURE,Bittrex,1527917855480
547,922.0,0.024912439999999998,2.702e-05,3816.75865691,0.1570214511452774,4.114e-05,CURE,Bittrex,1527917855480
548,47.0,0.001269,2.7e-05,73.27796776,0.0030307767465535995,4.136e-05,CURE,Bittrex,1527917855480
549,2095.12459186,0.054284678175092596,2.591e-05,40.81724137,0.0016898337927179997,4.14e-05,CURE,Bittrex,1527917855480
550,128.83561644,0.0032917500000420002,2.555e-05,318.388699,0.013187659912579999,4.142e-05,CURE,Bittrex,1527917855480
551,391.0,0.00998614,2.554e-05,100.0,0.004144999999999999,4.145e-05,CURE,Bittrex,1527917855480
552,2000.0,0.05096,2.548e-05,260.0,0.010787399999999999,4.149e-05,CURE,Bittrex,1527917855480
553,7925.50423289,0.19948494154184132,2.517e-05,1150.0,0.047725,4.15e-05,CURE,Bittrex,1527917855480
554,3000.0,0.07239000000000001,2.413e-05,151.40625,0.0063106125,4.168e-05,CURE,Bittrex,1527917855480
555,4217.7589852,0.09974999999998,2.365e-05,13.66840162,0.000571339187716,4.18e-05,CURE,Bittrex,1527917855480
556,22.95376631,0.0005316092277395999,2.316e-05,346.16001011,0.014500642823507898,4.189e-05,CURE,Bittrex,1527917855480
557,8617.07779558,0.199485350967677,2.315e-05,1199.038968,0.050347646266320004,4.199e-05,CURE,Bittrex,1527917855480
558,9440.88209545,0.1994858386768585,2.113e-05,3807.32058265,0.15990746447129997,4.2e-05,CURE,Bittrex,1527917855480
559,3000.0,0.060329999999999995,2.011e-05,150.0,0.0063300000000000006,4.22e-05,CURE,Bittrex,1527917855480
560,10437.92183331,0.1994686862345541,1.911e-05,239.56931359,0.0101194078060416,4.224e-05,CURE,Bittrex,1527917855480
561,10500.0,0.1995,1.9e-05,46.03894375,0.0019515908255625,4.239e-05,CURE,Bittrex,1527917855480
562,134.0,0.00249642,1.863e-05,13.37516693,0.0005685783461943,4.251e-05,CURE,Bittrex,1527917855480
563,11604.84204036,0.1994872346737884,1.719e-05,29.9996,0.00127798296,4.26e-05,CURE,Bittrex,1527917855480
564,50.07101419,0.0007600779954042,1.518e-05,6899.44945796,0.29412353039283473,4.263e-05,CURE,Bittrex,1527917855480
565,13149.30891978,0.1994750163130626,1.517e-05,470.21575984,0.020049999999577597,4.264e-05,CURE,Bittrex,1527917855480
566,15169.14163188,0.199474212459222,1.315e-05,42.55923432,0.0018189816748368,4.274e-05,CURE,Bittrex,1527917855480
567,2386.36363636,0.029924999999954398,1.254e-05,150.0,0.0064335,4.289e-05,CURE,Bittrex,1527917855480
568,17892.37668161,0.1994999999999515,1.115e-05,3304.22832287,0.14208181788341,4.3e-05,CURE,Bittrex,1527917855480
569,57.48439534,0.0005242576855008,9.12e-06,59.8,0.0025887419999999998,4.329e-05,CURE,Bittrex,1527917855480
570,21895.40690336,0.19946715688960956,9.11e-06,2425.14346921,0.105493740910635,4.35e-05,CURE,Bittrex,1527917855480
571,1500.0,0.01206,8.04e-06,33.84568404,0.0014743179967824003,4.356e-05,CURE,Bittrex,1527917855480
572,3968.83289125,0.029925000000025,7.54e-06,1025.7865736,0.044703778877488005,4.358e-05,CURE,Bittrex,1527917855480
573,27742.62630196,0.1994694831110924,7.19e-06,1795.68483167,0.07850734084061241,4.372e-05,CURE,Bittrex,1527917855480
574,5401.62454874,0.029925000000019603,5.54e-06,2395.78,0.10491120620000001,4.379e-05,CURE,Bittrex,1527917855480
575,488.56397218,0.001245838129059,2.55e-06,12.15096083,0.0005323335939623001,4.381e-05,CURE,Bittrex,1527917855480
576,11781.49606299,0.0299249999999946,2.54e-06,142.73479874,0.006264630316698601,4.389e-05,CURE,Bittrex,1527917855480
577,24133.06451613,0.0299250000000012,1.24e-06,1211.82743577,0.053247697527733805,4.394e-05,CURE,Bittrex,1527917855480
578,55416.66666667,0.0299250000000018,5.4e-07,1620.74554295,0.0712317666126525,4.395e-05,CURE,Bittrex,1527917855480
579,,,,598.668704,0.026341422976000003,4.4e-05,CURE,Bittrex,1527917855480
580,,,,349.08075401,0.0155271119383648,4.448e-05,CURE,Bittrex,1527917855480
581,,,,61.0,0.0027145,4.45e-05,CURE,Bittrex,1527917855480
582,,,,719.6969697,0.03205530303043799,4.454e-05,CURE,Bittrex,1527917855480
583,,,,101.2005411,0.004527712208814,4.474e-05,CURE,Bittrex,1527917855480
584,,,,156.45358314,0.0070232013471546,4.489e-05,CURE,Bittrex,1527917855480
585,,,,467.95724348,0.021034678094426,4.495e-05,CURE,Bittrex,1527917855480
586,,,,3265.08586757,0.14692886404065,4.5e-05,CURE,Bittrex,1527917855480
587,,,,60.0,0.002706,4.51e-05,CURE,Bittrex,1527917855480
588,,,,24.51970632,0.0011085359227272,4.521e-05,CURE,Bittrex,1527917855480
589,,,,2623.00368,0.1186646864832,4.524e-05,CURE,Bittrex,1527917855480
590,,,,50.33673242,0.0022812607132744,4.532e-05,CURE,Bittrex,1527917855480
591,,,,62.53291205,0.002856503422444,4.568e-05,CURE,Bittrex,1527917855480
592,,,,606.16188624,0.027810707340691198,4.588e-05,CURE,Bittrex,1527917855480
593,,,,151.37753557,0.0069467151073073,4.589e-05,CURE,Bittrex,1527917855480
594,,,,450.0,0.020655,4.59e-05,CURE,Bittrex,1527917855480
595,,,,250.0,0.011497499999999999,4.599e-05,CURE,Bittrex,1527917855480
596,,,,5644.45309342,0.25964484229732,4.6e-05,CURE,Bittrex,1527917855480
597,,,,510.38363826,0.0235593087420816,4.616e-05,CURE,Bittrex,1527917855480
598,,,,2950.87914,0.136478160225,4.625e-05,CURE,Bittrex,1527917855480
599,,,,129.47819315,0.006015556853749,4.646e-05,CURE,Bittrex,1527917855480
600,,,,81.34999245,0.0037884691483965004,4.657e-05,CURE,Bittrex,1527917855480
601,7766.17341862,0.0633719750959392,8.16e-06,11514.40282531,0.094418103167542,8.2e-06,ENRG,Bittrex,1527917855808
602,89.20967822,0.0007261667807108,8.14e-06,3997.00148972,0.0331351423497788,8.29e-06,ENRG,Bittrex,1527917855808
603,89.53967703,0.0007261667807133,8.11e-06,670.8137189,0.00556775386687,8.3e-06,ENRG,Bittrex,1527917855808
604,185.17945544,0.0014962499999552,8.08e-06,121.64634146,0.0010169634146056,8.36e-06,ENRG,Bittrex,1527917855808
605,134.79813978,0.0010837770438312,8.04e-06,148.13798911,0.0012562101476528002,8.48e-06,ENRG,Bittrex,1527917855808
606,124.53183521,0.0009975000000320999,8.01e-06,7563.47134311,0.0644407758432972,8.52e-06,ENRG,Bittrex,1527917855808
607,1248.43554443,0.009987484355439998,8e-06,59.0,0.00050386,8.54e-06,ENRG,Bittrex,1527917855808
608,63.0,0.00050274,7.98e-06,2341.54929577,0.020067077464748898,8.57e-06,ENRG,Bittrex,1527917855808
609,74.54411336,0.0005941165834792,7.97e-06,58.0,0.00050402,8.69e-06,ENRG,Bittrex,1527917855808
610,2500.74868985,0.019830937110510503,7.93e-06,1071.02680751,0.0094357461741631,8.81e-06,ENRG,Bittrex,1527917855808
611,32632.33474753,0.2584480912004376,7.92e-06,778.9844016,0.0068940119541599995,8.85e-06,ENRG,Bittrex,1527917855808
612,100.0,0.00079,7.9e-06,3843.7761823,0.034094294737001,8.87e-06,ENRG,Bittrex,1527917855808
613,76.23092977,0.0006006997265876001,7.88e-06,8528.0,0.07572864,8.88e-06,ENRG,Bittrex,1527917855808
614,570.86802997,0.004492731395863899,7.87e-06,1900.0,0.016891,8.89e-06,ENRG,Bittrex,1527917855808
615,1365.7949005,0.010666858172905,7.81e-06,1360.05664286,0.012104504121454,8.9e-06,ENRG,Bittrex,1527917855808
616,12972.83783784,0.10079895000001679,7.77e-06,1732.65288719,0.015455263753734799,8.92e-06,ENRG,Bittrex,1527917855808
617,1500.0,0.011580000000000002,7.72e-06,1396.39718515,0.012483790835241001,8.94e-06,ENRG,Bittrex,1527917855808
618,89.73517158,0.0006918581728818001,7.71e-06,1533.90514326,0.013728451032177,8.95e-06,ENRG,Bittrex,1527917855808
619,65.0,0.0005005000000000001,7.7e-06,5675.36889898,0.050851305334860805,8.96e-06,ENRG,Bittrex,1527917855808
620,3613.0140078,0.027784077719982,7.69e-06,6000.0,0.05382,8.97e-06,ENRG,Bittrex,1527917855808
621,80.6744059,0.0006179659491939999,7.66e-06,300.0,0.0027,9e-06,ENRG,Bittrex,1527917855808
622,1000.0,0.00763,7.63e-06,56.0,0.00050736,9.06e-06,ENRG,Bittrex,1527917855808
623,2000.0,0.01524,7.62e-06,57.3528492,0.000522484456212,9.11e-06,ENRG,Bittrex,1527917855808
624,7117.04084186,0.054089510398136004,7.6e-06,609.53706003,0.005565073358073901,9.13e-06,ENRG,Bittrex,1527917855808
625,4000.0,0.03028,7.57e-06,190.1331484,0.0017397183078600002,9.15e-06,ENRG,Bittrex,1527917855808
626,99.98716083,0.0007519034494416,7.52e-06,5401.97150864,0.049482059019142405,9.16e-06,ENRG,Bittrex,1527917855808
627,863.01984152,0.0064726488114,7.5e-06,13563.5018496,0.124648581997824,9.19e-06,ENRG,Bittrex,1527917855808
628,1600.52185153,0.0119719034494444,7.48e-06,4262.27270492,0.039212908885264006,9.2e-06,ENRG,Bittrex,1527917855808
629,29506.1244437,0.22011568835000198,7.46e-06,287.23931893,0.0026454741273453,9.21e-06,ENRG,Bittrex,1527917855808
630,78.18754336,0.0005809334471648,7.43e-06,6055.0,0.056008749999999996,9.25e-06,ENRG,Bittrex,1527917855808
631,136.88519022,0.0010074750000192,7.36e-06,179.56013941,0.0016699092965130002,9.3e-06,ENRG,Bittrex,1527917855808
632,78.34229154,0.0005742489969882001,7.33e-06,1216.46341463,0.0113374390243516,9.32e-06,ENRG,Bittrex,1527917855808
633,135.0,0.00097875,7.25e-06,2422.6833722,0.022676316363792002,9.36e-06,ENRG,Bittrex,1527917855808
634,1448.65283195,0.010473759974998501,7.23e-06,123.60025265,0.0011581343673305001,9.37e-06,ENRG,Bittrex,1527917855808
635,78.37324234,0.0005611524151544,7.16e-06,3023.39351605,0.0283896651157095,9.39e-06,ENRG,Bittrex,1527917855808
636,80.02199431,0.0005633548399424,7.04e-06,282.5927947,0.00265637227018,9.4e-06,ENRG,Bittrex,1527917855808
637,1500.0,0.010544999999999999,7.03e-06,4077.41583255,0.038368482984295495,9.41e-06,ENRG,Bittrex,1527917855808
638,2500.0,0.01755,7.02e-06,2146.07318861,0.0202374701685923,9.43e-06,ENRG,Bittrex,1527917855808
639,14250.0,0.09975,7e-06,576.4353173,0.005441549395311999,9.44e-06,ENRG,Bittrex,1527917855808
640,116.56805873,0.0008148107305227001,6.99e-06,205.0,0.00193725,9.45e-06,ENRG,Bittrex,1527917855808
641,92.26927508,0.0006311218415472,6.84e-06,483.87096774,0.0045870967741752,9.48e-06,ENRG,Bittrex,1527917855808
642,163.01984152,0.0011101651207512,6.81e-06,118.18720379,0.0011215965639671001,9.49e-06,ENRG,Bittrex,1527917855808
643,91.46249542,0.0006109694694056,6.68e-06,2231.08127771,0.021195272138245,9.5e-06,ENRG,Bittrex,1527917855808
644,414.26377334,0.0027465688172442,6.63e-06,20571.75709294,0.197488868092224,9.6e-06,ENRG,Bittrex,1527917855808
645,119.25162665,0.0007667879593595,6.43e-06,53.0,0.00051145,9.65e-06,ENRG,Bittrex,1527917855808
646,841.16449511,0.005164749999975399,6.14e-06,390.37607632,0.0037710328972512,9.66e-06,ENRG,Bittrex,1527917855808
647,1000.0,0.00613,6.13e-06,80.52447409,0.0007786716644503,9.67e-06,ENRG,Bittrex,1527917855808
648,1500.0,0.009179999999999999,6.12e-06,673.56881437,0.006520146123101601,9.68e-06,ENRG,Bittrex,1527917855808
649,1500.0,0.009165,6.11e-06,2255.52343872,0.021901132589971197,9.71e-06,ENRG,Bittrex,1527917855808
650,1589.80143689,0.009697788765029,6.1e-06,153.90829945,0.0014975277536485,9.73e-06,ENRG,Bittrex,1527917855808
651,4847.58533049,0.029521794662684103,6.09e-06,199.62330279,0.0019523159012861998,9.78e-06,ENRG,Bittrex,1527917855808
652,306.74181147,0.0018557879593935,6.05e-06,111.38023142,0.001091526267916,9.8e-06,ENRG,Bittrex,1527917855808
653,1500.0,0.00903,6.02e-06,141.16925249,0.0013848703669268997,9.81e-06,ENRG,Bittrex,1527917855808
654,4000.0,0.02404,6.01e-06,73.99792764,0.0007266596494247999,9.82e-06,ENRG,Bittrex,1527917855808
655,831250.0,4.9875,6e-06,24153.20438689,0.23766753116699763,9.84e-06,ENRG,Bittrex,1527917855808
656,4241.07142857,0.024937499999991595,5.88e-06,475.84149715,0.0046870387469275,9.85e-06,ENRG,Bittrex,1527917855808
657,90.0,0.0004995,5.55e-06,1136.22258008,0.0112031546395888,9.86e-06,ENRG,Bittrex,1527917855808
658,1812.97745851,0.009971376021805,5.5e-06,12113.8703816,0.12004845548165599,9.91e-06,ENRG,Bittrex,1527917855808
659,351.57138516,0.0018562969136448,5.28e-06,158.76927584,0.0015749912163328,9.92e-06,ENRG,Bittrex,1527917855808
660,129.59345171,0.0006518550621013,5.03e-06,336.66459655,0.003346446089707,9.94e-06,ENRG,Bittrex,1527917855808
661,1500.0,0.00753,5.02e-06,76.85584066,0.000764715614567,9.95e-06,ENRG,Bittrex,1527917855808
662,3000.0,0.015030000000000002,5.01e-06,10055.16549649,0.10025000000000531,9.97e-06,ENRG,Bittrex,1527917855808
663,6000.0,0.02904,4.84e-06,95.7762607,0.0009568048443929999,9.99e-06,ENRG,Bittrex,1527917855808
664,54211.95652174,0.249375000000004,4.6e-06,8107.99550228,0.08107995502280001,1e-05,ENRG,Bittrex,1527917855808
665,163.01984152,0.0007238080963488,4.44e-06,51.0,0.00051051,1.001e-05,ENRG,Bittrex,1527917855808
666,204.47678916,0.00076678795935,3.75e-06,695.71430981,0.0069780145273943,1.003e-05,ENRG,Bittrex,1527917855808
667,843.0,0.00299265,3.55e-06,52.5,0.000528675,1.007e-05,ENRG,Bittrex,1527917855808
668,1500.0,0.005265,3.51e-06,1024.4691574,0.01034713848974,1.01e-05,ENRG,Bittrex,1527917855808
669,8570.0,0.029995,3.5e-06,1539.87995841,0.015598983978693299,1.013e-05,ENRG,Bittrex,1527917855808
670,204.41946588,0.0006623190694512,3.24e-06,597.95428921,0.006081195121265699,1.017e-05,ENRG,Bittrex,1527917855808
671,262.79441797,0.0008488259700431,3.23e-06,2651.46760094,0.027044969529588,1.02e-05,ENRG,Bittrex,1527917855808
672,4500.0,0.013545,3.01e-06,102922.43942688,1.0539257797312511,1.024e-05,ENRG,Bittrex,1527917855808
673,1283845.5686,3.8515367058000005,3e-06,672.38979133,0.0069054431569591,1.027e-05,ENRG,Bittrex,1527917855808
674,393919.34217392,1.177818833100021,2.99e-06,129.33769815,0.001332178290945,1.03e-05,ENRG,Bittrex,1527917855808
675,241.17244525,0.0006728711222475,2.79e-06,373.59550562,0.0038555056179984,1.032e-05,ENRG,Bittrex,1527917855808
676,252030.43935811,0.5595075753750042,2.22e-06,672.38979132,0.006965958238075201,1.036e-05,ENRG,Bittrex,1527917855808
677,1196551.125,2.39310225,2e-06,391.80417778,0.004074763448912,1.04e-05,ENRG,Bittrex,1527917855808
678,471.61962394,0.0006225379036008,1.32e-06,21158.57239951,0.22110708157487952,1.045e-05,ENRG,Bittrex,1527917855808
679,471.61962394,0.0006178217073614,1.31e-06,366.75203882,0.0038362263260571998,1.046e-05,ENRG,Bittrex,1527917855808
680,500.0,0.00051,1.02e-06,209.96185408,0.0022045994678399996,1.05e-05,ENRG,Bittrex,1527917855808
681,1324.87886835,0.0008876688417945,6.7e-07,736.1047836,0.007743822323471999,1.052e-05,ENRG,Bittrex,1527917855808
682,,,,221.05828062,0.0023321648605410003,1.055e-05,ENRG,Bittrex,1527917855808
683,,,,55.16329128,0.0005830759888296001,1.057e-05,ENRG,Bittrex,1527917855808
684,,,,608.77202516,0.006452983466696,1.06e-05,ENRG,Bittrex,1527917855808
685,,,,254.01069518,0.0026975935828116,1.062e-05,ENRG,Bittrex,1527917855808
686,,,,2281.84766257,0.0243929515128733,1.069e-05,ENRG,Bittrex,1527917855808
687,,,,589.69254539,0.006309710235672999,1.07e-05,ENRG,Bittrex,1527917855808
688,,,,280.16519131,0.0030173791104087,1.077e-05,ENRG,Bittrex,1527917855808
689,,,,47.0,0.0005076,1.08e-05,ENRG,Bittrex,1527917855808
690,,,,442.043222,0.00477848722982,1.081e-05,ENRG,Bittrex,1527917855808
691,,,,54.37379908,0.0005910431959996,1.087e-05,ENRG,Bittrex,1527917855808
692,,,,296.79179732,0.0032350305907880004,1.09e-05,ENRG,Bittrex,1527917855808
693,,,,109.02684945,0.0011960245384665,1.097e-05,ENRG,Bittrex,1527917855808
694,,,,1912.75167785,0.021002013422793002,1.098e-05,ENRG,Bittrex,1527917855808
695,,,,3474.50703498,0.03821957738478,1.1e-05,ENRG,Bittrex,1527917855808
696,,,,79.58490988,0.0008841883487668,1.111e-05,ENRG,Bittrex,1527917855808
697,,,,863.12867876,0.009667041202111998,1.12e-05,ENRG,Bittrex,1527917855808
698,,,,200.0,0.0022459999999999997,1.123e-05,ENRG,Bittrex,1527917855808
699,,,,586.49598765,0.0065980798610625,1.125e-05,ENRG,Bittrex,1527917855808
700,,,,1248.21586324,0.014104839254612,1.13e-05,ENRG,Bittrex,1527917855808
701,107.71970532,0.0352491191718636,0.00032723,164.97175335,0.055044475222761,0.00033366,KORE,Bittrex,1527917856164
702,261.02494768,0.0854125833798496,0.00032722,135.08209614,0.045072843019033804,0.00033367,KORE,Bittrex,1527917856164
703,204.86449133,0.06703371020808929,0.00032721,182.05753779,0.0608053970464821,0.00033399,KORE,Bittrex,1527917856164
704,43.87824761,0.014356962617992,0.0003272,25.0,0.00835,0.000334,KORE,Bittrex,1527917856164
705,10.0,0.0032712,0.00032712,50.0,0.01675,0.000335,KORE,Bittrex,1527917856164
706,150.52767938,0.04922255115725999,0.000327,274.52538477,0.0920950308287919,0.00033547,KORE,Bittrex,1527917856164
707,91.79447853,0.02992500000078,0.000326,39.95207624,0.013419502888253599,0.00033589,KORE,Bittrex,1527917856164
708,1486.3943075,0.483806483148175,0.00032549,123.20893408,0.041583015252000005,0.0003375,KORE,Bittrex,1527917856164
709,299.0,0.09717798999999999,0.00032501,2.0,0.00067796,0.00033898,KORE,Bittrex,1527917856164
710,122.76923077,0.03990000000024999,0.000325,80.25599769,0.027238885615986003,0.0003394,KORE,Bittrex,1527917856164
711,289.97647986,0.09395237947464,0.000324,310.93523493,0.1055438561446392,0.00033944,KORE,Bittrex,1527917856164
712,9.0,0.00291501,0.00032389,3.22703622,0.0011027428170984,0.00034172,KORE,Bittrex,1527917856164
713,91.08607941,0.029420803649429998,0.000323,9.06262272,0.003127057969536,0.00034505,KORE,Bittrex,1527917856164
714,2.43579657,0.0007854713199279,0.00032247,373.82154486,0.12934225452156,0.000346,KORE,Bittrex,1527917856164
715,120.270633,0.038727143826,0.000322,746.24437596,0.2585289016075824,0.00034644,KORE,Bittrex,1527917856164
716,10.0,0.0032193,0.00032193,1.14020853,0.0003951164619009,0.00034653,KORE,Bittrex,1527917856164
717,31.02836879,0.0099749999986092,0.00032148,111.94309266,0.03895619624568,0.000348,KORE,Bittrex,1527917856164
718,91.45241659,0.029356225725389998,0.000321,47.12540467,0.016423203527495,0.0003485,KORE,Bittrex,1527917856164
719,62.26203108,0.0199499999986536,0.00032042,3.50922948,0.0012235630427916,0.00034867,KORE,Bittrex,1527917856164
720,1928.80716473,0.6180091036511393,0.00032041,3.66949272,0.0012808731288432,0.00034906,KORE,Bittrex,1527917856164
721,7.88931023,0.002527734997692,0.0003204,71.0,0.02481379,0.00034949,KORE,Bittrex,1527917856164
722,66.6,0.021318659999999996,0.0003201,662.67716917,0.23193700920949997,0.00035,KORE,Bittrex,1527917856164
723,6.3578704,0.002034900000224,0.00032006,1.79143281,0.0006297602900274,0.00035154,KORE,Bittrex,1527917856164
724,35.5359375,0.011371500000000001,0.00032,144.65081294,0.050872244402868604,0.00035169,KORE,Bittrex,1527917856164
725,78.01257586,0.024937499999407597,0.00031966,20.0,0.007039999999999999,0.000352,KORE,Bittrex,1527917856164
726,200.0,0.06393,0.00031965,1.48261295,0.000527157860502,0.00035556,KORE,Bittrex,1527917856164
727,31.36792453,0.00997500000054,0.000318,1.48545858,0.0005294322924978,0.00035641,KORE,Bittrex,1527917856164
728,6.79744543,0.0021610438511056,0.00031792,33.54702699,0.0119940685597347,0.00035753,KORE,Bittrex,1527917856164
729,819.35873675,0.2593516209434775,0.00031653,81.5,0.029169665,0.00035791,KORE,Bittrex,1527917856164
730,48.0,0.015192959999999998,0.00031652,31.04625893,0.01111456069694,0.000358,KORE,Bittrex,1527917856164
731,1.60066337,0.0005058416381874,0.00031602,110.40560564,0.0395517041644736,0.00035824,KORE,Bittrex,1527917856164
732,3.27290483,0.0010342379262799999,0.000316,1190.13509866,0.42844863551760004,0.00036,KORE,Bittrex,1527917856164
733,63.83333333,0.02010749999895,0.000315,60.334,0.021836081280000003,0.00036192,KORE,Bittrex,1527917856164
734,13.24563888,0.004160984997763201,0.00031414,160.0,0.058030399999999996,0.00036269,KORE,Bittrex,1527917856164
735,168.7684719,0.05270639377437,0.0003123,50.0,0.018149,0.00036298,KORE,Bittrex,1527917856164
736,1.7,0.0005287,0.000311,452.03927492,0.16409025679596,0.000363,KORE,Bittrex,1527917856164
737,137.72340919,0.042694256848900006,0.00031,36.01883757,0.013095008586949201,0.00036356,KORE,Bittrex,1527917856164
738,259.74025974,0.07999999999992,0.000308,230.7232238,0.0839832534632,0.000364,KORE,Bittrex,1527917856164
739,2875.22204109,0.8743837749158799,0.00030411,10.0,0.0036499999999999996,0.000365,KORE,Bittrex,1527917856164
740,1640.51707125,0.49875000000142505,0.00030402,410.42658628,0.14992472770222118,0.00036529,KORE,Bittrex,1527917856164
741,2.0,0.000606,0.000303,50.0,0.0182995,0.00036599,KORE,Bittrex,1527917856164
742,2.09805446,0.0006352279488542001,0.00030277,225.48792611,0.08252858095625999,0.000366,KORE,Bittrex,1527917856164
743,106.08940397,0.032038999998940006,0.000302,3.0,0.00110055,0.00036685,KORE,Bittrex,1527917856164
744,33.09884859,0.009974999999568301,0.00030137,507.02029213,0.18607644721171,0.000367,KORE,Bittrex,1527917856164
745,66.6,0.019986659999999996,0.0003001,100.0,0.03677,0.0003677,KORE,Bittrex,1527917856164
746,145.5360036,0.04366080107999999,0.0003,30.0,0.01107,0.000369,KORE,Bittrex,1527917856164
747,240.0,0.0715224,0.00029801,35.0,0.012943,0.0003698,KORE,Bittrex,1527917856164
748,500.0,0.14750000000000002,0.000295,14.25081433,0.0052725162858134,0.00036998,KORE,Bittrex,1527917856164
749,17.0221843,0.0049874999999,0.000293,4.2,0.001553958,0.00036999,KORE,Bittrex,1527917856164
750,400.0,0.116644,0.00029161,109.93760805,0.0406769149785,0.00037,KORE,Bittrex,1527917856164
751,64.0,0.01861248,0.00029082,7.17070039,0.002657461564534,0.0003706,KORE,Bittrex,1527917856164
752,400.0,0.116,0.00029,30.0,0.011130000000000001,0.000371,KORE,Bittrex,1527917856164
753,3.45131825,0.0009975000006150001,0.00028902,8.65240943,0.0032101304226243004,0.00037101,KORE,Bittrex,1527917856164
754,787.63040382,0.22478971725022798,0.0002854,19.93746059,0.0074041747393083,0.00037137,KORE,Bittrex,1527917856164
755,95.0,0.027075,0.000285,35.9730593,0.013381978059600001,0.000372,KORE,Bittrex,1527917856164
756,1776.93458743,0.4987499999998524,0.00028068,4.38359088,0.0016329314387088,0.00037251,KORE,Bittrex,1527917856164
757,530.0,0.1485378,0.00028026,2.08431801,0.0007764501450852,0.00037252,KORE,Bittrex,1527917856164
758,66.6,0.018654659999999997,0.0002801,22.0,0.00819742,0.00037261,KORE,Bittrex,1527917856164
759,849.55419438,0.2378751744264,0.00028,100.0,0.037336,0.00037336,KORE,Bittrex,1527917856164
760,358.16876122,0.09974999999977001,0.0002785,53.8,0.020102908,0.00037366,KORE,Bittrex,1527917856164
761,5.38219424,0.0014962499987199998,0.000278,0.31960605,0.0001195486430025,0.00037405,KORE,Bittrex,1527917856164
762,20.0,0.0055486,0.00027743,7.4709314,0.002801599275,0.000375,KORE,Bittrex,1527917856164
763,18.02689124,0.004987499999370801,0.00027667,7.60753733,0.0028579235487611,0.00037567,KORE,Bittrex,1527917856164
764,367.01129548,0.0997499999985092,0.00027179,70.0,0.02632,0.000376,KORE,Bittrex,1527917856164
765,15.18172238,0.0041162203888894,0.00027113,171.69461652,0.06484905665960401,0.0003777,KORE,Bittrex,1527917856164
766,299.62546816,0.07999999999872,0.000267,227.88878558,0.08614196094924,0.000378,KORE,Bittrex,1527917856164
767,374.83090335,0.09974999999950201,0.00026612,57.98993249,0.021925993474469,0.0003781,KORE,Bittrex,1527917856164
768,200.0,0.0526,0.000263,67.00674786,0.0253446323105664,0.00037824,KORE,Bittrex,1527917856164
769,66.6,0.017322659999999997,0.0002601,25.0,0.0094625,0.0003785,KORE,Bittrex,1527917856164
770,20.0,0.005050000000000001,0.0002525,90.0,0.034191,0.0003799,KORE,Bittrex,1527917856164
771,339.5497581,0.08488743952500001,0.00025,160.30855998,0.060917252792400005,0.00038,KORE,Bittrex,1527917856164
772,2.5,0.000606,0.0002424,44.89757716,0.01708352810938,0.0003805,KORE,Bittrex,1527917856164
773,2635.40290621,0.6384000000003104,0.00024224,10.97492863,0.004186935272345,0.0003815,KORE,Bittrex,1527917856164
774,2.14867597,0.0005160045341955,0.00024015,80.0,0.03056,0.000382,KORE,Bittrex,1527917856164
775,66.6,0.01599066,0.0002401,435.39857693,0.1664136900884153,0.00038221,KORE,Bittrex,1527917856164
776,10.0,0.0023005,0.00023005,50.0,0.0191255,0.00038251,KORE,Bittrex,1527917856164
777,15.03991131,0.0033915000004050002,0.0002255,52.35,0.0201018765,0.00038399,KORE,Bittrex,1527917856164
778,896.62921348,0.1994999999993,0.0002225,131.69380091,0.050636266449895,0.0003845,KORE,Bittrex,1527917856164
779,2.3,0.000511106,0.00022222,104.21032275,0.0401136795361575,0.00038493,KORE,Bittrex,1527917856164
780,11.18172238,0.0024726142698894,0.00022113,56.66003976,0.0218135487072024,0.00038499,KORE,Bittrex,1527917856164
781,66.6,0.014658659999999999,0.0002201,700.82803018,0.2698187916193,0.000385,KORE,Bittrex,1527917856164
782,5169.11764706,1.1072250000002521,0.0002142,32.70224012,0.0126482454112124,0.00038677,KORE,Bittrex,1527917856164
783,4560.0,0.9576,0.00021,100.0,0.03877,0.0003877,KORE,Bittrex,1527917856164
784,10.0,0.0020201999999999998,0.00020202,129.2547705,0.0501249999999,0.0003878,KORE,Bittrex,1527917856164
785,66.6,0.013326659999999999,0.0002001,542.935149,0.210658837812,0.000388,KORE,Bittrex,1527917856164
786,327.90064693,0.0623437500008009,0.00019013,769.61679078,0.298688276501718,0.0003881,KORE,Bittrex,1527917856164
787,280.0,0.0499492,0.00017839,120.0,0.046665599999999995,0.00038888,KORE,Bittrex,1527917856164
788,5.0,0.0008914999999999999,0.0001783,2.80049887,0.0010898421402492,0.00038916,KORE,Bittrex,1527917856164
789,4.29812759,0.0006980589018919,0.00016241,40.0,0.01557,0.00038925,KORE,Bittrex,1527917856164
790,7027.95258621,1.141339500000504,0.0001624,266.96541944,0.1041165135816,0.00039,KORE,Bittrex,1527917856164
791,33.02761407,0.0049875000007107,0.00015101,30.5989705,0.011934516464114999,0.00039003,KORE,Bittrex,1527917856164
792,10488.41911765,1.4264250000004002,0.000136,28.16353438,0.0110226440856444,0.00039138,KORE,Bittrex,1527917856164
793,4473.03615231,0.5814946998003,0.00013,633.81262227,0.24873976360986153,0.00039245,KORE,Bittrex,1527917856164
794,8279.25,0.9438345,0.000114,100.0,0.039335999999999996,0.00039336,KORE,Bittrex,1527917856164
795,4.6,0.000511106,0.00011111,100.0,0.039369999999999995,0.0003937,KORE,Bittrex,1527917856164
796,10.27597834,0.0008632849403434,8.401e-05,58.187,0.02292800548,0.00039404,KORE,Bittrex,1527917856164
797,9455.4058125,0.7942540882499999,8.4e-05,154.50358762,0.0609423951008328,0.00039444,KORE,Bittrex,1527917856164
798,9.8,0.000500878,5.111e-05,551.10497238,0.21768646409010003,0.000395,KORE,Bittrex,1527917856164
799,83.54566893,0.0012289567899603,1.471e-05,44.49174811,0.017658774824859003,0.0003969,KORE,Bittrex,1527917856164
800,150.0,0.002205,1.47e-05,429.22689748,0.1704502932582828,0.00039711,KORE,Bittrex,1527917856164
801,113244.95488291,0.271787891718984,2.4e-06,631.36009017,0.0015405186200148,2.44e-06,PINK,Bittrex,1527917856519
802,669.11764706,0.0015925000000028,2.38e-06,6500.0,0.015924999999999998,2.45e-06,PINK,Bittrex,1527917856519
803,42088.60759494,0.0997500000000078,2.37e-06,2159.7460193,0.005312975207478001,2.46e-06,PINK,Bittrex,1527917856519
804,300.0,0.000705,2.35e-06,3779.0,0.009447500000000001,2.5e-06,PINK,Bittrex,1527917856519
805,6789.62585698,0.0158877245053332,2.34e-06,14917.23094204,0.0378897665927816,2.54e-06,PINK,Bittrex,1527917856519
806,179074.03165901,0.4172424937654933,2.33e-06,3834.56342521,0.0097781367342855,2.55e-06,PINK,Bittrex,1527917856519
807,12300.0,0.028536,2.32e-06,61117.05342,0.1564596567552,2.56e-06,PINK,Bittrex,1527917856519
808,431.81818182,0.0009975000000041999,2.31e-06,983.12372039,0.0025266279614023,2.57e-06,PINK,Bittrex,1527917856519
809,419.11764706,0.0009639705882380001,2.3e-06,65673.71487545,0.1700949215274155,2.59e-06,PINK,Bittrex,1527917856519
810,44824.01746725,0.1026470000000025,2.29e-06,120185.97876394,0.312483544786244,2.6e-06,PINK,Bittrex,1527917856519
811,49731.37252127,0.1123929018980702,2.26e-06,250.0,0.0006525,2.61e-06,PINK,Bittrex,1527917856519
812,25416.66666667,0.0571875000000075,2.25e-06,200.0,0.0005239999999999999,2.62e-06,PINK,Bittrex,1527917856519
813,102811.79507812,0.23029842097498882,2.24e-06,4990.07161392,0.0131238883446096,2.63e-06,PINK,Bittrex,1527917856519
814,66354.60088565,0.14797075997499948,2.23e-06,5366.41796875,0.0141673434375,2.64e-06,PINK,Bittrex,1527917856519
815,245621.75675675,0.545280299999985,2.22e-06,1847.36445577,0.0048955158077905,2.65e-06,PINK,Bittrex,1527917856519
816,1555.0,0.00343655,2.21e-06,7547.17,0.0200754722,2.66e-06,PINK,Bittrex,1527917856519
817,143235.55494318,0.315118220874996,2.2e-06,190.0,0.0005073,2.67e-06,PINK,Bittrex,1527917856519
818,460.82949309,0.0010000000000053,2.17e-06,722.87989188,0.0019373181102384,2.68e-06,PINK,Bittrex,1527917856519
819,15318.60465116,0.032934999999994004,2.15e-06,7684.41226718,0.0206710689987142,2.69e-06,PINK,Bittrex,1527917856519
820,23306.07476636,0.0498750000000104,2.14e-06,2927.35042735,0.007903846153845,2.7e-06,PINK,Bittrex,1527917856519
821,236.0,0.0005003200000000001,2.12e-06,190.0,0.0005168,2.72e-06,PINK,Bittrex,1527917856519
822,945.49763033,0.0019949999999963,2.11e-06,7678.6475,0.020962707675,2.73e-06,PINK,Bittrex,1527917856519
823,24000.0,0.05039999999999999,2.1e-06,740.19093299,0.0020281231563926,2.74e-06,PINK,Bittrex,1527917856519
824,576.92307692,0.0011999999999935998,2.08e-06,979.64069709,0.0026940119169975,2.75e-06,PINK,Bittrex,1527917856519
825,65125.72221014,0.1348102449749898,2.07e-06,200.0,0.000552,2.76e-06,PINK,Bittrex,1527917856519
826,33895.63106796,0.06982499999999761,2.06e-06,3672.0958398,0.010171705476246,2.77e-06,PINK,Bittrex,1527917856519
827,2432.92682927,0.0049875000000034996,2.05e-06,46830.98123239,0.1301901278260442,2.78e-06,PINK,Bittrex,1527917856519
828,276.85373406,0.0005592445428012001,2.02e-06,200.0,0.000558,2.79e-06,PINK,Bittrex,1527917856519
829,10000.0,0.0201,2.01e-06,4522.0,0.0126616,2.8e-06,PINK,Bittrex,1527917856519
830,4020.25704001,0.00804051408002,2e-06,7342.86,0.0206334366,2.81e-06,PINK,Bittrex,1527917856519
831,15037.68844221,0.029924999999997898,1.99e-06,10634.2109864,0.030094817091512,2.83e-06,PINK,Bittrex,1527917856519
832,5726.13791667,0.0113377530750066,1.98e-06,2261.590397,0.00642291672748,2.84e-06,PINK,Bittrex,1527917856519
833,105875.0,0.2011625,1.9e-06,15710.0,0.044773499999999994,2.85e-06,PINK,Bittrex,1527917856519
834,20863.88888889,0.037555000000001997,1.8e-06,569.09817654,0.0016333117666698003,2.87e-06,PINK,Bittrex,1527917856519
835,2356.39656977,0.004053002100004401,1.72e-06,1363.08486699,0.0039256844169312,2.88e-06,PINK,Bittrex,1527917856519
836,30400.0,0.049856,1.64e-06,19245.13452247,0.0556184387699383,2.89e-06,PINK,Bittrex,1527917856519
837,24957.43563694,0.0391831739499958,1.57e-06,3200.98697096,0.009282862215784,2.9e-06,PINK,Bittrex,1527917856519
838,7347.48908654,0.011462082975002402,1.56e-06,180.0,0.0005256,2.92e-06,PINK,Bittrex,1527917856519
839,1000.0,0.00155,1.55e-06,10027.17048571,0.029479881227987396,2.94e-06,PINK,Bittrex,1527917856519
840,24007.1066991,0.036490802182632,1.52e-06,18685.16681148,0.055121242093866006,2.95e-06,PINK,Bittrex,1527917856519
841,341.29479471,0.0005153551400121,1.51e-06,777.78923583,0.0023022561380568003,2.96e-06,PINK,Bittrex,1527917856519
842,36575.0,0.0548625,1.5e-06,4905.72805447,0.0145700123217759,2.97e-06,PINK,Bittrex,1527917856519
843,47500.0,0.069825,1.47e-06,879.0,0.00261942,2.98e-06,PINK,Bittrex,1527917856519
844,14000.0,0.02002,1.43e-06,8179.84195848,0.024457727455855203,2.99e-06,PINK,Bittrex,1527917856519
845,38400.0,0.050688000000000004,1.32e-06,25561.06751982,0.07668320255946,3e-06,PINK,Bittrex,1527917856519
846,79800.0,0.09975,1.25e-06,1000.0,0.00301,3.01e-06,PINK,Bittrex,1527917856519
847,405.49591463,0.0004987599749949,1.23e-06,1170.0,0.0035334,3.02e-06,PINK,Bittrex,1527917856519
848,701.80332488,0.0007088213581288,1.01e-06,1000.0,0.0030299999999999997,3.03e-06,PINK,Bittrex,1527917856519
849,2625.0,0.0026249999999999997,1e-06,13362.77736893,0.0406228432015472,3.04e-06,PINK,Bittrex,1527917856519
850,31500.0,0.029925,9.5e-07,234144.19334159,0.7141397896918495,3.05e-06,PINK,Bittrex,1527917856519
851,600.91563253,0.0004987599749999,8.3e-07,542.38290836,0.0016596916995816,3.06e-06,PINK,Bittrex,1527917856519
852,1209.09090909,0.0007979999999994,6.6e-07,170.0,0.0005219,3.07e-06,PINK,Bittrex,1527917856519
853,959.15379808,0.0005083515129824,5.3e-07,605.0,0.0018634,3.08e-06,PINK,Bittrex,1527917856519
854,959.15379808,0.0004987599750016,5.2e-07,6502.78390587,0.0200936022691383,3.09e-06,PINK,Bittrex,1527917856519
855,99000.0,0.01584,1.6e-07,27147.17744712,0.084156250086072,3.1e-06,PINK,Bittrex,1527917856519
856,2000000.0,0.3,1.5e-07,1677.01560345,0.0052155185267295,3.11e-06,PINK,Bittrex,1527917856519
857,,,,170.0,0.0005304,3.12e-06,PINK,Bittrex,1527917856519
858,,,,23798.61729722,0.0744896721402986,3.13e-06,PINK,Bittrex,1527917856519
859,,,,1774.43078,0.0055717126492,3.14e-06,PINK,Bittrex,1527917856519
860,,,,12089.51913965,0.0380819852898975,3.15e-06,PINK,Bittrex,1527917856519
861,,,,200.0,0.000632,3.16e-06,PINK,Bittrex,1527917856519
862,,,,40230.24096386,0.12752986385543622,3.17e-06,PINK,Bittrex,1527917856519
863,,,,8000.0,0.02552,3.19e-06,PINK,Bittrex,1527917856519
864,,,,56861.06114704,0.18195539567052801,3.2e-06,PINK,Bittrex,1527917856519
865,,,,14695.4045036,0.04717224845655601,3.21e-06,PINK,Bittrex,1527917856519
866,,,,502.00079683,0.0016164425657926,3.22e-06,PINK,Bittrex,1527917856519
867,,,,6351.29374613,0.020514678799999898,3.23e-06,PINK,Bittrex,1527917856519
868,,,,343.96766703,0.0011144552411771998,3.24e-06,PINK,Bittrex,1527917856519
869,,,,5830.04825,0.018947656812499998,3.25e-06,PINK,Bittrex,1527917856519
870,,,,3804.56273764,0.0124028745247064,3.26e-06,PINK,Bittrex,1527917856519
871,,,,18676.64475718,0.061446161251122206,3.29e-06,PINK,Bittrex,1527917856519
872,,,,32128.78787879,0.106025000000007,3.3e-06,PINK,Bittrex,1527917856519
873,,,,195229.325956,0.6462090689143599,3.31e-06,PINK,Bittrex,1527917856519
874,,,,6067.98152108,0.0201456986499856,3.32e-06,PINK,Bittrex,1527917856519
875,,,,707.41035857,0.0023556764940380996,3.33e-06,PINK,Bittrex,1527917856519
876,,,,38282.26498614,0.128245587703569,3.35e-06,PINK,Bittrex,1527917856519
877,,,,377.0,0.00127049,3.37e-06,PINK,Bittrex,1527917856519
878,,,,200.0,0.000676,3.38e-06,PINK,Bittrex,1527917856519
879,,,,7396.76035455,0.0250750176019245,3.39e-06,PINK,Bittrex,1527917856519
880,,,,384238.70699715,1.30641160379031,3.4e-06,PINK,Bittrex,1527917856519
881,,,,40599.85507077,0.1384455057913257,3.41e-06,PINK,Bittrex,1527917856519
882,,,,2713.05563248,0.0092786502630816,3.42e-06,PINK,Bittrex,1527917856519
883,,,,21023.49948645,0.0721106032385235,3.43e-06,PINK,Bittrex,1527917856519
884,,,,6115.85449855,0.021038539475012,3.44e-06,PINK,Bittrex,1527917856519
885,,,,46126.31347825,0.1591357814999625,3.45e-06,PINK,Bittrex,1527917856519
886,,,,300.0,0.001038,3.46e-06,PINK,Bittrex,1527917856519
887,,,,5615.625,0.01948621875,3.47e-06,PINK,Bittrex,1527917856519
888,,,,1906.0,0.00663288,3.48e-06,PINK,Bittrex,1527917856519
889,,,,309.7826087,0.0010811413043630002,3.49e-06,PINK,Bittrex,1527917856519
890,,,,152418.96454381,0.533466375903335,3.5e-06,PINK,Bittrex,1527917856519
891,,,,673.04932979,0.0023624031475628997,3.51e-06,PINK,Bittrex,1527917856519
892,,,,11000.0,0.038720000000000004,3.52e-06,PINK,Bittrex,1527917856519
893,,,,10030.08092825,0.0354061856767225,3.53e-06,PINK,Bittrex,1527917856519
894,,,,13239.60881481,0.0468682152044274,3.54e-06,PINK,Bittrex,1527917856519
895,,,,60368.0,0.21430639999999998,3.55e-06,PINK,Bittrex,1527917856519
896,,,,14829.01642485,0.052791298472466,3.56e-06,PINK,Bittrex,1527917856519
897,,,,8880.13584968,0.0317020849833576,3.57e-06,PINK,Bittrex,1527917856519
898,,,,335665.03717353,1.2016808330812374,3.58e-06,PINK,Bittrex,1527917856519
899,,,,9663.18045782,0.0346908178435738,3.59e-06,PINK,Bittrex,1527917856519
900,,,,179634.56808522,0.646684445106792,3.6e-06,PINK,Bittrex,1527917856519
901,170.29436422,0.009042630740082,5.31e-05,238.2080233,0.012970426868685,5.445e-05,RBY,Bittrex,1527917857626
902,3694.94150531,0.19616444451690793,5.309e-05,935.62869517,0.052572976381602306,5.619e-05,RBY,Bittrex,1527917857626
903,188.53795324,0.010000053039849601,5.304e-05,389.153429,0.0218704227098,5.62e-05,RBY,Bittrex,1527917857626
904,53.04022525,0.0028127231450075,5.303e-05,661.15702479,0.0378380165287317,5.723e-05,RBY,Bittrex,1527917857626
905,471.79170161,0.0250096781023461,5.301e-05,1987.40641699,0.1137591433085076,5.724e-05,RBY,Bittrex,1527917857626
906,100.0,0.005285,5.285e-05,500.0,0.02875,5.75e-05,RBY,Bittrex,1527917857626
907,90.0,0.0047313,5.257e-05,30.69193175,0.0017678552687999999,5.76e-05,RBY,Bittrex,1527917857626
908,60.0,0.0031512,5.252e-05,1000.0,0.058,5.8e-05,RBY,Bittrex,1527917857626
909,105.52015385,0.005487048000199999,5.2e-05,30.69193175,0.001789339621025,5.83e-05,RBY,Bittrex,1527917857626
910,10.10064519,0.0005166480014685,5.115e-05,500.0,0.029249999999999998,5.85e-05,RBY,Bittrex,1527917857626
911,2926.73952474,0.1496441918999562,5.113e-05,530.69193175,0.031310823973249996,5.9e-05,RBY,Bittrex,1527917857626
912,780.82191781,0.039900000000091,5.11e-05,500.0,0.029750000000000002,5.95e-05,RBY,Bittrex,1527917857626
913,19.55596697,0.0009975498751397,5.101e-05,500.0,0.030025000000000003,6.005e-05,RBY,Bittrex,1527917857626
914,50.0,0.002526,5.052e-05,25.0,0.0015015,6.006e-05,RBY,Bittrex,1527917857626
915,1977.20515362,0.099750000000129,5.045e-05,100.0,0.0060420000000000005,6.042e-05,RBY,Bittrex,1527917857626
916,1977.59714512,0.0997499999998528,5.044e-05,500.0,0.03025,6.05e-05,RBY,Bittrex,1527917857626
917,1500.0,0.07563,5.042e-05,1224.81074818,0.07411329837237181,6.051e-05,RBY,Bittrex,1527917857626
918,20.0,0.0010040000000000001,5.02e-05,4041.10227205,0.244567509504466,6.052e-05,RBY,Bittrex,1527917857626
919,3288.1626146,0.16500000000062798,5.018e-05,2205.2,0.13348075599999998,6.053e-05,RBY,Bittrex,1527917857626
920,3976.31907659,0.1994919280725203,5.017e-05,8.26,0.0005073292,6.142e-05,RBY,Bittrex,1527917857626
921,219.3006993,0.010975999999964998,5.005e-05,4731.85221354,0.2907249999998976,6.144e-05,RBY,Bittrex,1527917857626
922,200.0,0.01,5e-05,4559.3920811,0.28031142514602797,6.148e-05,RBY,Bittrex,1527917857626
923,30.0,0.001446,4.82e-05,4728.00455359,0.2907250000002491,6.149e-05,RBY,Bittrex,1527917857626
924,950.00170404,0.0444885798001932,4.683e-05,14.37192422,0.0008858854089208,6.164e-05,RBY,Bittrex,1527917857626
925,4101.73129406,0.19200204187494863,4.681e-05,38.44134395,0.0023699088545174997,6.165e-05,RBY,Bittrex,1527917857626
926,20.0,0.0009239999999999999,4.62e-05,100.0,0.00621,6.21e-05,RBY,Bittrex,1527917857626
927,4421.54255319,0.19949999999993281,4.512e-05,96.27307072,0.0060478743026304,6.282e-05,RBY,Bittrex,1527917857626
928,12.0,0.00053328,4.444e-05,477.84627437,0.030032638344154497,6.285e-05,RBY,Bittrex,1527917857626
929,260.0,0.011075999999999999,4.26e-05,4619.08166508,0.2907250000001352,6.294e-05,RBY,Bittrex,1527917857626
930,4969.47076008,0.19952425101721202,4.015e-05,223.88754886,0.014113871080134403,6.304e-05,RBY,Bittrex,1527917857626
931,20.0,0.0007244,3.622e-05,581.88102696,0.036902894729803196,6.342e-05,RBY,Bittrex,1527917857626
932,20.0,0.000724,3.62e-05,1759.9436818,0.11163322773657398,6.343e-05,RBY,Bittrex,1527917857626
933,76.91012375,0.0027033908498125,3.515e-05,253.90293569,0.016122836416314998,6.35e-05,RBY,Bittrex,1527917857626
934,5677.26660245,0.199499148410093,3.514e-05,37.59071877,0.0023949046928367,6.371e-05,RBY,Bittrex,1527917857626
935,15.0,0.00049995,3.333e-05,300.0,0.019128,6.376e-05,RBY,Bittrex,1527917857626
936,3865.08059516,0.1246874999998616,3.226e-05,202.43236718,0.0129172093497558,6.381e-05,RBY,Bittrex,1527917857626
937,6616.60818403,0.1994907367485045,3.015e-05,4102.16502588,0.2622924317547672,6.394e-05,RBY,Bittrex,1527917857626
938,354.0,0.0099828,2.82e-05,215.13794475,0.01398396640875,6.5e-05,RBY,Bittrex,1527917857626
939,7944.9464197,0.19949760459866697,2.511e-05,8.58278764,0.0005661206727343999,6.596e-05,RBY,Bittrex,1527917857626
940,23.0,0.00051152,2.224e-05,25.0,0.0016495000000000001,6.598e-05,RBY,Bittrex,1527917857626
941,23.0,0.00051106,2.222e-05,153.06903413,0.010350528087870601,6.762e-05,RBY,Bittrex,1527917857626
942,9900.20395909,0.1994891097756635,2.015e-05,114.0,0.0077178,6.77e-05,RBY,Bittrex,1527917857626
943,38.72214484,0.0005878021586712,1.518e-05,305.20372349,0.020698916527091802,6.782e-05,RBY,Bittrex,1527917857626
944,13194.31354848,0.1994980208530176,1.512e-05,100.0,0.0068,6.8e-05,RBY,Bittrex,1527917857626
945,45.0,0.00049995,1.111e-05,161.5123057,0.011079744171020001,6.86e-05,RBY,Bittrex,1527917857626
946,98.0,0.00050274,5.13e-06,105.0,0.007210350000000001,6.867e-05,RBY,Bittrex,1527917857626
947,98.0,0.00050078,5.11e-06,100.0,0.0069,6.9e-05,RBY,Bittrex,1527917857626
948,450.0,0.0005085,1.13e-06,158.43093564,0.011090165494799999,7e-05,RBY,Bittrex,1527917857626
949,450.0,0.0004994999999999999,1.11e-06,405.49567193,0.028599609741222904,7.053e-05,RBY,Bittrex,1527917857626
950,4600.0,0.000506,1.1e-07,15.69527761,0.0011094991742509,7.069e-05,RBY,Bittrex,1527917857626
951,50000.0,0.0005,1e-08,381.88684043,0.0270910524601042,7.094e-05,RBY,Bittrex,1527917857626
952,,,,100.0,0.0071,7.1e-05,RBY,Bittrex,1527917857626
953,,,,100.0,0.007111,7.111e-05,RBY,Bittrex,1527917857626
954,,,,289.26383454,0.020581121827521,7.115e-05,RBY,Bittrex,1527917857626
955,,,,100.0,0.00715,7.15e-05,RBY,Bittrex,1527917857626
956,,,,58.55493844,0.0041942902404572,7.163e-05,RBY,Bittrex,1527917857626
957,,,,100.0,0.007175,7.175e-05,RBY,Bittrex,1527917857626
958,,,,1477.99674025,0.10626796562397499,7.19e-05,RBY,Bittrex,1527917857626
959,,,,257.528739,0.018542069207999997,7.2e-05,RBY,Bittrex,1527917857626
960,,,,100.0,0.007221999999999999,7.222e-05,RBY,Bittrex,1527917857626
961,,,,130.86241167,0.009465278236091099,7.233e-05,RBY,Bittrex,1527917857626
962,,,,100.0,0.007275,7.275e-05,RBY,Bittrex,1527917857626
963,,,,322.18451023,0.02351946924679,7.3e-05,RBY,Bittrex,1527917857626
964,,,,223.54785865,0.016354761338833998,7.316e-05,RBY,Bittrex,1527917857626
965,,,,100.0,0.007333,7.333e-05,RBY,Bittrex,1527917857626
966,,,,8.0,0.000588,7.35e-05,RBY,Bittrex,1527917857626
967,,,,119.38,0.008799499799999999,7.371e-05,RBY,Bittrex,1527917857626
968,,,,424.20210655,0.0313909558847,7.4e-05,RBY,Bittrex,1527917857626
969,,,,176.86064718,0.013163737969607401,7.443e-05,RBY,Bittrex,1527917857626
970,,,,370.10990761,0.0275509815224884,7.444e-05,RBY,Bittrex,1527917857626
971,,,,780.39374298,0.058256392913456995,7.465e-05,RBY,Bittrex,1527917857626
972,,,,6299.1366964,0.470356537120188,7.467e-05,RBY,Bittrex,1527917857626
973,,,,98.0,0.0073490199999999995,7.499e-05,RBY,Bittrex,1527917857626
974,,,,189.69861438,0.0142273960785,7.5e-05,RBY,Bittrex,1527917857626
975,,,,20.0,0.001504,7.52e-05,RBY,Bittrex,1527917857626
976,,,,100.0,0.007554999999999999,7.555e-05,RBY,Bittrex,1527917857626
977,,,,307.48213535,0.0232917717527625,7.575e-05,RBY,Bittrex,1527917857626
978,,,,100.0,0.007600000000000001,7.6e-05,RBY,Bittrex,1527917857626
979,,,,744.12329761,0.057037050761806506,7.665e-05,RBY,Bittrex,1527917857626
980,,,,100.0,0.007666,7.666e-05,RBY,Bittrex,1527917857626
981,,,,120.0,0.00924,7.7e-05,RBY,Bittrex,1527917857626
982,,,,100.0,0.00772,7.72e-05,RBY,Bittrex,1527917857626
983,,,,100.0,0.007776999999999999,7.777e-05,RBY,Bittrex,1527917857626
984,,,,100.0,0.0078,7.8e-05,RBY,Bittrex,1527917857626
985,,,,102.88538272,0.0080271175598144,7.802e-05,RBY,Bittrex,1527917857626
986,,,,1000.0,0.07833000000000001,7.833e-05,RBY,Bittrex,1527917857626
987,,,,100.0,0.007888000000000001,7.888e-05,RBY,Bittrex,1527917857626
988,,,,1075.9723825,0.0850018182175,7.9e-05,RBY,Bittrex,1527917857626
989,,,,8.0,0.000636,7.95e-05,RBY,Bittrex,1527917857626
990,,,,141.0,0.01127859,7.999e-05,RBY,Bittrex,1527917857626
991,,,,181.59651898,0.014527721518400002,8e-05,RBY,Bittrex,1527917857626
992,,,,9.05618989,0.0007256724958857,8.013e-05,RBY,Bittrex,1527917857626
993,,,,115.49943793,0.009295394764606401,8.048e-05,RBY,Bittrex,1527917857626
